2587 4402
933 457 1083 507 rr‘r
1096 427 1298 505 rcus·
1817 436 1942 519 169

232 598 379 651 erat
424 598 631 669 ortus,
667 586 735 652 in
782 588 1161 654 affinitatem
1206 587 1500 677 pervenit
1536 586 1940 672 imperatoris

236 688 397 752 Divi
445 689 605 755 Julii
654 687 794 769 filii,
842 712 992 755 cum
1032 690 1170 777 jam
1230 703 1382 755 ante
1439 686 1940 753 familiaritatem

237 786 377 875 ejus
418 790 572 855 effet
613 790 991 857 consecutus
1038 792 1213 855 nulla
1258 791 1384 857 alia
1425 813 1518 871 re,
1564 812 1756 878 quam
1806 788 1937 853 ele-

235 892 471 977 gantia
516 894 687 971 vitae,
718 914 847 979 qua
884 904 1153 957 caeteros
1192 906 1444 981 ceperat
1487 891 1806 978 principes
1843 888 1937 953 ci-

174 1004 203 1057 s
236 994 461 1057 vitatis
488 992 807 1080 dignitate
837 994 1002 1080 pari,
1032 993 1287 1060 fortuna
1319 994 1684 1059 humiliore.
1729 994 1941 1056 Tanta

234 1088 415 1157 enim
446 1092 823 1181 prosperitas
856 1094 1167 1159 Caesarem
1200 1098 1287 1161 est
1333 1096 1694 1176 consecuta,
1726 1106 1800 1159 ut
1836 1093 1934 1157 ni-

232 1194 331 1258 hil
390 1197 455 1259 ei
518 1192 645 1259 non
708 1196 1005 1260 tribuerit
1064 1196 1345 1277 fortuna,
1395 1197 1572 1283 quod
1631 1196 1937 1281 cuiquam

234 1310 389 1361 ante
438 1296 743 1361 detulerit
764 1321 785 1377 ;
834 1309 901 1363 et
952 1298 1337 1378 conciliarit,
1381 1296 1558 1385 quod
1597 1298 1756 1361 civis
1802 1300 1934 1361 Ro-

231 1420 471 1463 manus
512 1399 725 1485 quivit
774 1397 1099 1485 consequi.
1190 1401 1368 1463 Nata
1411 1400 1497 1462 est
1545 1409 1761 1464 autem
1807 1398 1934 1461 At-

143 1524 201 1557 ro
232 1502 371 1566 tico
432 1503 641 1588 neptis
692 1524 771 1565 ex
824 1500 1139 1589 Agrippa,
1195 1500 1302 1563 cui
1361 1498 1678 1587 virg-inem
1741 1498 1938 1563 filiam

232 1602 606 1669 collocarat.
696 1604 889 1667 Hanc
922 1602 1132 1666 Caesar
1175 1601 1283 1665 vix
1323 1599 1692 1665 anniculam
1735 1599 1934 1664 Tibe-

230 1707 335 1771 rio
396 1702 671 1769 Claudio
730 1703 1005 1783 Neroni,
1065 1702 1346 1767 Drufilla
1401 1716 1576 1781 nato,
1634 1699 1935 1789 privigno

229 1808 373 1887 suo,
438 1804 817 1892 despondit:
894 1828 1041 1893 quae
1100 1805 1473 1891 conjunctio
1527 1788 1972 1869 neceffitudi-³

231 1929 389 1971 nem
420 1928 647 1971 eorum
688 1905 917 1985 sanxit,
958 1904 1456 1971 familiaritatem
1491 1906 1775 1971 reddidit
1803 1904 1931 1969 fre-

143 2034 199 2087 ¹5
233 2010 669 2099 quentiorem.

318 2114 479 2179 XX.
528 2111 849 2179 Quamvis
900 2124 1049 2179 ante
1094 2114 1238 2179 haec
1283 2112 1614 2199 sponsalia,
1661 2134 1791 2177 non
1829 2114 1930 2177 so-

228 2217 401 2298 lum,
430 2239 587 2282 cum
618 2217 699 2281 ab
727 2217 889 2281 urbe
916 2215 1169 2296 abesset,
1205 2237 1535 2302 nunquam
1565 2215 1648 2280 ad
1675 2216 1933 2281 suorum

230 2341 629 2407 quemquam
676 2318 891 2382 literas
934 2316 1123 2397 mifit,
1165 2318 1322 2405 quin
1367 2319 1600 2383 Attico
1643 2317 1934 2383 mitteret

228 2422 393 2508 quid
424 2429 671 2508 ageret,
702 2417 1019 2504 imprimis
1064 2418 1225 2506 quid
1264 2419 1538 2507 legeret,
1572 2419 1932 2507 quibusque

134 2543 197 2578 20
229 2523 299 2587 in
345 2521 537 2600 lociS,
572 2531 640 2584 et
682 2517 993 2606 quamdiu
1034 2519 1185 2584 effet
1228 2533 1592 2586 moraturus
1620 2546 1641 2601 3-
1689 2521 1820 2601 sed,
1863 2531 1931 2598 et

228 2647 385 2690 cum
414 2622 568 2688 effet
594 2623 662 2686 in
680 2623 878 2701 urbe,
909 2633 978 2686 et
1018 2634 1277 2708 propter
1319 2622 1460 2687 suas
1497 2624 1778 2688 infinitas
1811 2646 1925 2688 oc-

227 2727 607 2816 cupationes
674 2725 889 2788 minus
958 2723 1121 2812 saepe
1184 2748 1383 2812 quam
1449 2726 1646 2792 vellet
1699 2727 1928 2792 Attico

225 2833 573 2908 frueretur,
606 2828 823 2893 nullus
852 2828 989 2893 dies
1019 2840 1235 2894 tamen
1282 2841 1524 2894 temere
1541 2830 1922 2913 ‘interceffig

226 2957 359 3022 quo
390 2955 519 2999 non
552 2931 631 2996 ad
678 2953 831 2996 eum
861 2930 1183 3011 scriberet,
1217 2955 1350 3019 quo
1380 2955 1510 2996 non
1554 2931 1798 3019 aliquid
1839 2932 1924 2997 de

132 3055 189 3108 ις
225 3034 612 3123 antiquitate
640 3034 721 3097 ab
762 3054 843 3096 eo
868 3032 1265 3120 requireret3
1311 3034 1509 3099 modo
1549 3034 1828 3122 aliquam
1861 3036 1924 3102 ei

224 3137 641 3232 qni-restionem
672 3134 991 3221 poeticam
1027 3149 1430 3222 proponeret,
1462 3134 1786 3201 interdurn
1807 3137 1917 3225 jo-

222 3263 379 3307 cans
436 3237 575 3325 ejus
633 3236 1020 3302 verbofiores
1094 3239 1360 3304 eliceret
1415 3239 1726 3325 epistolas,
1817 3243 1922 3307 Ex

222 3364 357 3428 quo
406 3337 667 3417 accidit,
710 3359 861 3405 cum
904 3338 1079 3406 aedes
1119 3339 1300 3404 Jovis
1341 3341 1627 3420 Feretrii,
1673 3341 1740 3406 in
1787 3344 1918 3408 Ca-

222 3441 459 3530 pitolio
514 3440 595 3503 ab
651 3437 931 3504 Romulo
980 3439 1343 3520 constituta,
1389 3443 1692 3506 vetustate
1720 3455 1918 3529 atque

133 3566 191 3614 30
222 3543 477 3614 incuria
519 3540 797 3623 demeta,
836 3540 1296 3628 prolaberetur,
1326 3551 1404 3609 ut
1437 3541 1640 3608 Attici
1685 3543 1914 3609 admo-

1008 3662 1036 3706 1
1773 3660 1918 3712 nitu
