2587 4402
656 432 739 504 92
1196 432 1806 483 nummonmtss

654 566 785 634 hoc
826 566 1147 655 posuisset,
1190 569 1698 635 animadvertere
1749 568 1990 635 debere
2039 560 2360 647 Arcades,

657 671 883 759 quales
940 685 1213 759 utraque
1270 672 1498 737 civitas
1571 673 1748 737 cives
1809 670 2217 758 procreaffet,
2283 690 2364 733 ex

655 772 895 859 quibus
949 772 1031 837 de
1082 775 1336 839 caeteris
1393 774 1635 861 possent
1663 772 2002 860 judicare:
2069 772 2366 859 Argivos

654 875 831 939 enim
884 874 1067 939 fuifl‘e
1120 877 1412 941 Orestem
1459 889 1526 941 et
1570 877 2017 941 Alcmaeonem
2064 874 2364 939 matrici-

654 976 806 1059 das;
850 978 1101 1042 Thebis
1132 978 1463 1065 OEdipum
1493 991 1748 1057 natum,
1767 978 1906 1065 qui,
1927 1000 2080 1042 cum
2105 989 2362 1064 patrem
2399 992 2424 1045 5
2501 969 2505 1067 ἶ

654 1078 841 1143 suum
874 1078 1308 1157 intetfeciffet‚
1337 1102 1416 1144 ex
1445 1092 1651 1145 matre
1687 1080 1924 1145 liberos
1953 1078 2364 1165 procreasset.

658 1180 793 1245 Hic
824 1180 891 1245 in
920 1180 1360 1268 respondendo
1392 1182 1899 1269 Epaminondas,
1931 1202 2082 1245 cum
2114 1179 2200 1244 de
2229 1203 2366 1245 cae-

646 1282 811 1347 teris
862 1282 1223 1371 peroraffet,
1277 1285 1609 1371 postquam
1655 1284 1740 1348 ad
1789 1283 1900 1347 illa
1947 1282 2079 1346 duo
2119 1304 2366 1368 oppro-

655 1384 797 1449 bria
822 1385 1139 1471 pervenit,
1170 1385 1470 1451 admirari
1515 1386 1578 1451 se
1613 1385 1783 1451 dixit
1827 1384 2162 1453 stultitiam
2205 1384 2366 1449 rhe-

653 1487 813 1551 toris
855 1486 1090 1568 Attici,
1120 1487 1233 1573 qui
1264 1510 1395 1552 non
1425 1485 1950 1553 animadverterit
1977 1486 2367 1550 innocentes
2405 1514 2457 1548 ιο

654 1586 805 1653 illos
870 1600 1079 1668 nat08,
1153 1589 1332 1653 domi
1391 1589 1624 1655 scelere
1685 1587 1946 1653 admiffo
1999 1610 2164 1651 ‚cum
2241 1610 2364 1673 pa-

654 1690 777 1754 tria
819 1688 1015 1755 effent
1066 1690 1248 1778 pulsi,
1299 1704 1592 1777 receptos
1635 1691 1758 1755 effe
1808 1690 1890 1753 ab
1937 1688 2362 1753 Atheniensi·-

654 1795 803 1859 bus,
876 1790 1021 1858 'Sed
1051 1793 1332 1859 maxime
1360 1794 1502 1882 ejus
1531 1792 1902 1881 eloquentia
1923 1791 2129 1856 eluxit
2159 1792 2361 1877 Spar-

654 1908 762 1975 tae,
809 1894 1011 1983 legati
1040 1908 1189 1959 ante
1216 1918 1503 1983 pugnam
1533 1894 1942 1960 Leuctricam
1969 1918 1984 1956 ε
2033 1916 2168 1980 quo
2203 1912 2362 1957 cum

656 1997 950 2061 omnium
996 1997 1315 2063 sociorum
1367 1996 1802 2063 conveniffent
1858 1996 2082 2083 legati,
2135 2017 2361 2059 coram
2401 2015 2450 2071 ις

653 2096 1157 2187 frequentiffimo
1194 2098 1602 2187 legationum
1651 2112 1980 2163 conventu
2025 2097 2108 2161 fic
2145 2099 2360 2161 Lace-.-

652 2200 1126 2268 daemoniorum
1159 2200 1574 2290 tyrannidem
1607 2201 1925 2290 coarguit,
1955 2213 2033 2266 ut
2063 2223 2195 2266 non
2227 2200 2360 2266 mi,-

654 2326 779 2368 nus
817 2303 926 2368 illa
956 2303 1249 2368 oratione
1274 2325 1432 2390 opes
1459 2325 1686 2368 eorum
1719 2301 2360 2390 concuffierit,quam

652 2405 997 2472 Leuetrica
1052 2427 1298 2492 pugna.
1388 2407 1566 2470 Tum
1591 2404 1793 2476 ,enim
1837 2403 2130 2490 perfecit,
2175 2403 2360 2492 quod

650 2507 786 2593 post
812 2505 1128 2593 apparuit,
1152 2521 1229 2572 ut
1256 2505 1498 2570 auxilio
1527 2506 1847 2571 sociorum
1873 2507 2356 2572 Lacedaemonii
2391 2540 2448 2576 ιο

651 2607 1075 2695 privarentur.

738 2709 899 2774 VII.
934 2709 1139 2774 Fuiffe
1168 2722 1390 2776 autem
1419 2709 1801 2798 patientem,
1827 2712 2218 2800 suorumque
2245 2714 2353 2779 in-

636 2811 844 2902 jurias
894 2814 1209 2878 ferentem
1253 2814 1530 2895 civium,
1561 2815 1737 2900 quod
1785 2815 1847 2880 se
1894 2817 2119 2902 patriae
2171 2817 2354 2882 irasci

652 2914 834 2980 nefas
865 2915 985 2980 effe
1015 2914 1306 2994 duceret,
1338 2914 1480 2979 haec
1511 2915 1660 2980 sunt
1697 2915 2080 2981 testimonia.
2173 2919 2350 2983 Cum

650 3039 801 3080 eum
832 3030 1091 3105 propter
1120 3016 1430 3082 invidiam
1479 3017 1650 3082 cives
1681 3018 2009 3103 praeficere·
2037 3001 2350 3084 exercitui
2385 3041 2439 3093 ιε

650 3115 1015 3198 noluissent,
1038 3117 1304 3204 duxque
1321 3117 1473 3182 effet
1492 3116 1780 3184 delectus
1802 3119 1959 3184 belli
1982 3120 2348 3209 imperitus,

650 3216 837 3304 cujus
866 3240 1077 3282 errore
1126 3241 1205 3282 eo
1255 3219 1409 3283 effet
1449 3218 1725 3283 deducta
1773 3241 1874 3284 res
1923 3219 2246 3302 militum,
2271 3237 2350 3288 ut

649 3341 877 3385 omnes
906 3318 989 3382 de
1017 3318 1217 3384 salute
1246 3319 1796 3405 pertimescerent,
1831 3321 2011 3409 quod
2051 3322 2350 3390 locorum

648 3418 954 3509 angustiis
984 3419 1172 3484 claufi
1217 3420 1300 3484 ab
1347 3419 1632 3486 hostibus
1667 3422 2140 3504 obfidebantur,
2179 3425 2344 3490 defi-

637 3523 857 3598 &derari
886 3535 1093 3610 coepta
1130 3523 1219 3585 est
1266 3519 1732 3607 Epaminondae
1776 3523 2160 3612 diligentia:
2209 3541 2347 3592 erat
2380 3549 2436 3596 30

646 3623 825 3688 enim
853 3623 945 3690 ibi
974 3621 1257 3712 privatus
1282 3644 1559 3689 numero
1587 3624 1907 3692 militum:
1955 3648 1996 3691 a
2025 3649 2158 3714 quo
2189 3649 2346 3694 cum

2045 3742 2344 3818 peterent
