2587 4402
986 414 1379 463 nar-tuns.
1555 436 1564 443 -
1942 392 2024 481 83

306 538 491 605 citer
532 541 685 624 tria,
719 543 1005 613 Cilicum
1036 547 1189 627 duc,
1226 534 1692 635 Captianorum
1721 544 2022 627 totidem,

300 662 393 706 ex
448 646 715 710 Graecia
762 647 1235 715 conductorum
1280 648 1408 713 tria
1449 646 1679 727 millia,
1718 646 1878 711 levis
1921 670 2021 711 ar·
2061 716 2068 725 ,

299 756 603 811 matura:
656 748 1013 815 maximum
1070 771 1442 814 numerum.
1534 750 1676 813 Has
1729 748 2024 819 adversuo

296 848 543 935 copias
568 848 705 935 spes
734 852 945 917 omnis
974 853 1351 917 consistebat
1400 850 1662 918 Datami
1692 852 1760 915 in
1805 851 1890 931 se,
1923 850 2021 917 lo·-

232 970 262 1021 5
301 948 521 1037 cique
550 964 803 1019 natura.
892 953 1203 1042 Namque
1232 952 1428 1041 hujus
1456 966 1704 1041 partem
1737 974 1870 1017 non
1899 952 2022 1017 ha-

301 1049 527 1115 bebat
552 1052 915 1119 vicesimam
945 1054 1256 1121 militum.
1335 1055 1598 1122 Quibus
1625 1055 1829 1119 fretus
1860 1076 2020 1120 con-

302 1153 511 1235 flixit,
540 1155 1179 1247 adversariorumque
1216 1160 1429 1225 multa
1456 1158 1664 1226 millia
1707 1158 2023 1239 concidit,

308 1280 476 1323 cum
507 1257 591 1323 de
630 1258 823 1346 ipsius
852 1262 1139 1327 exercitu
1182 1284 1312 1327 non
1358 1261 1633 1351 amplius
1676 1261 2019 1329 hominum

310 1359 505 1425 mille
560 1360 950 1443 cecidissent.
1042 1364 1263 1429 Quam
1312 1364 1400 1428 ob
1461 1363 1714 1429 causam
1775 1363 2018 1449 postero

210 1479 275 1513 10
313 1460 427 1525 die
458 1476 777 1548 tropaeum
808 1462 1017 1549 posuit
1046 1487 1183 1552 quo
1210 1464 1358 1529 loco
1404 1464 1608 1551 pridie
1651 1476 2018 1551 pugnatum

314 1567 430 1630 est.
525 1566 707 1631 Hinc
754 1588 904 1633 cum
934 1567 1130 1633 castra
1154 1567 1470 1647 movisset,
1500 1581 1576 1631 ut
1613 1566 1870 1631 inferior
1900 1588 2014 1631 co·

316 1667 470 1753 piis,
518 1668 613 1733 ita
650 1668 933 1755 superior
978 1670 1281 1735 omnibus
1317 1668 1568 1757 ‘praeliis
1609 1667 2012 1749 discedebat3

320 1769 502 1857 quod
566 1792 905 1857 nunquam
960 1792 1228 1837 manum
1274 1771 1655 1849 consereret,
1701 1770 1811 1833 nifi
1864 1792 2020 1833 cum

320 1871 715 1937 adversarios
770 1872 1065 1939 locorum
1109 1871 1416 1961 angustiis
1459 1870 1784 1951 claufiffet,
1837 1871 2017 1958 quod

226 1995 284 2045 ¹5
320 1976 535 2061 perito
563 1975 905 2063 regionum
948 1975 1312 2061 callideque
1353 1974 1670 2061 cogitanti
1711 1973 1870 2061 saepe
1903 1986 2042 2037 ac-'

318 2078 608 2143 cidebat.
728 2076 1279 2164 Autopln·adate3‚
1340 2098 1493 2141 cum
1555 2074 1804 2140 bellum
1864 2074 2016 2141 duci

321 2179 571 2268 majore
620 2179 823 2268 Regis
854 2178 1219 2244 calamitate
1258 2200 1463 2266 quam
1515 2174 2017 2242 adversariorum

320 2284 594 2365 videret,
646 2283 728 2348 ad
777 2305 1005 2370 pacem
1048 2283 1536 2368 amicitiamque
1577 2280 1876 2358 hortatus
1905 2279 2018 2359 est,

320 2401 399 2452 ut
442 2410 599 2452 cum
645 2388 827 2474 Rege
858 2386 927 2448 iu
970 2386 1243 2473 gratiam
1274 2383 1536 2450 rediret.
1628 2381 1852 2446 Quam
1881 2379 2014 2460 ille,

222 2509 287 2543 20
322 2491 431 2556 etsi
461 2513 591 2556 non
628 2490 823 2556 fidam
844 2487 979 2554 fore
1008 2489 1304 2576 putabat,
1329 2500 1546 2552 tamen
1577 2483 2018 2556 conditionem

322 2593 595 2680 accepit,
628 2592 820 2678 seque
849 2591 931 2656 ad
959 2591 1378 2656 Artaxerxem
1401 2589 1652 2676 legatos
1683 2587 2014 2652 missurum

318 2696 509 2760 dixit.
556 2695 667 2760 Sic
696 2694 973 2774 bellum,
1001 2691 1179 2778 quod
1204 2694 1344 2771 Rex
1371 2691 1664 2756 adversus
1693 2692 2017 2756 Datamen

316 2797 701 2886 susceperat,
749 2795 1085 2862 sedatum:
1134 2791 1651 2880 Autophradates
1693 2791 1760 2854 in
1809 2790 2014 2878 Phry-

316 2899 497 2986 giam
528 2899 591 2965 se
620 2897 885 2985 recepit.

224 3021 283 3072 25
410 3004 533 3071 IX.
560 3001 657 3068 At
686 3003 856 3080 Rex,
875 2999 1053 3086 quod
1083 2997 1494 3086 implacabile
1524 2997 1748 3061 odium
1782 2995 1846 3059 in
1871 2996 2021 3062 Da-

317 3115 543 3168 tamen
571 3101 951 3188 susceperat,
983 3102 1314 3186 postquam
1341 3098 1516 3163 bello
1561 3119 1708 3163 eum
1742 3097 2026 3184 opprimi·

320 3227 455 3270 non
484 3205 666 3292 poffe
696 3201 1169 3281 animadvertit,
1200 3199 1441 3264 insidiis
1482 3201 1840 3266 interficere
1885 3201 2024 3278 (tu--

318 3305 518 3384 duit3
568 3328 732 3393 quas
762 3303 871 3368 ille
901 3302 1231 3390 plerasque
1274 3301 1525 3366 vitavit.
1617 3301 1824 3379 Sicut,
1861 3323 2016 3365 cum

308 3406 700 3471 nuntiatum
746 3403 897 3480 effet
942 3402 1251 3490 quosdam
1299 3403 1409 3466 fibi
1455 3402 1756 3484 infidiari,
1787 3403 1904 3488 qui
1945 3403 2017 3465 in

226 3531 287 3578 ³0
321 3508 681 3572 amicorum
714 3517 901 3570 erant
944 3527 1241 3586 numero,
1272 3505 1354 3571 de
1385 3508 1651 3593 quibuS‚
1701 3506 1878 3592 quod
1909 3507 2015 3572 in.—

320 3609 500 3676 imici
532 3608 920 3691 detulerant,
953 3630 1165 3696 neque
1194 3608 1616 3690 credendum,
1646 3631 1860 3696 neque
1895 3634 2017 3678 ner

1094 3731 1139 3775 E
1170 3712 1214 3776 6
1347 3789 1352 3796 ⁵
1627 3711 1718 3798 gli
1723 3713 2018 3799 gendum
