2587 4402
658 432 784 512 176
1114 423 1499 500 connss‘mt
1554 454 1888 499 meroris

654 591 959 662 erratum,
990 584 1351 671 postulavit.
1427 587 1522 650 Ea
1553 607 1704 649 cum
1745 583 1992 670 legifl'et
2018 582 2124 646 M.
2155 585 2346 660 Cato,

652 678 777 743 Nae
824 695 913 762 tu,
957 684 1199 772 inquit,
1243 687 1437 766 Aule,
1479 687 1728 750 nimium
1777 696 2038 772 nugator
2087 709 2176 764 es,
2221 708 2344 748 cum

649 783 912 871 malussi
962 787 1195 876 culpam
1256 787 1586 876 deprecari,
1633 810 1812 874 quam
1865 786 2040 873 culpa
2091 809 2342 850 vacare.

650 884 815 950 Nam
864 901 1063 976 petere
1132 891 1378 954 veniam
1411 890 1695 976 solemuS,
1761 899 1867 952 aut
1921 911 2052 951 cum
2109 886 2342 973 impru-

648 988 845 1052 dentes
900 991 1259 1072 erravimus,
1315 1003 1422 1056 aut
1479 1015 1608 1055 cum
1665 987 1894 1076 expulsi
1931 988 2340 1075 peccavimm.

648 1090 811 1170 Tibi,
842 1091 1079 1178 inquit,
1114 1119 1210 1159 oro
1253 1107 1336 1174 te,
1366 1095 1498 1182 quis
1536 1093 1806 1182 perpulit
1847 1103 1916 1156 ut
1961 1091 2032 1153 id
2075 1090 2339 1154 commit-

643 1203 815 1273 teres,
848 1197 1027 1282 quod,
1046 1197 1400 1286 priusquam
1404 1197 1671 1282 faceres,
1699 1205 1944 1284 peteres,
1976 1205 2045 1255 ut
2074 1190 2342 1278 {gnoste-

640 1304 807 1356 retur
829 1297 869 1357 ,ἓ
922 1297 1248 1385 Scriptum
1297 1298 1424 1362 hoo
1459 1298 1543 1361 est
1573 1296 1641 1360 in
1671 1295 1840 1360 libro
1872 1292 2164 1359 Cornelii
2195 1293 2340 1357 Ne-

636 1396 809 1480 potis
839 1394 940 1463 De
969 1399 1310 1487 Illustribus
1347 1399 1413 1464 V
1405 1399 1539 1464 iris-

961 1627 967 1636 .
999 1586 1498 1652 CORNELII
1531 1579 1978 1650 NEPOTIS
2063 1549 2072 1552 ’
2531 1588 2533 1726 l

1059 1738 1209 1830 Lib..
1231 1738 1286 1804 I.
1319 1738 1392 1801 de
1425 1737 1564 1802 Vita
1599 1736 1912 1803 Ciceronis.

1315 1873 1492 1937 CAP.
1529 1871 1653 1936 IV.

716 2007 1055 2073 Cornelius
1085 2009 1318 2096 Nepos
1347 2020 1414 2072 et
1444 2031 1657 2072 rerum
1701 2009 2031 2086 memoriae
2061 2033 2196 2075 non
2225 2010 2326 2076 in-

624 2106 926 2196 diligens,
958 2121 1023 2174 et
1052 2111 1155 2172 M.
1190 2108 1551 2188 CiceroniS,
1569 2121 1645 2174 ut
1675 2107 1788 2196 qui
1818 2108 2124 2191 maxime,
2157 2113 2325 2176 ami-

624 2232 739 2275 cus
769 2210 1099 2277 familiaris
1128 2210 1293 2276 fuit:
1343 2224 1541 2298 atque
1573 2210 1630 2275 in
1655 2222 1871 2275 tamen
1903 2212 1974 2277 in
2003 2213 2224 2300 primo
2240 2215 2325 2279 li·

550 2378 585 2401 ο,
622 2312 884 2379 brorum
890 2361 912 2394 ,
940 2336 1104 2401 quos
1152 2313 1235 2378 de
1283 2312 1418 2377 vita
1461 2311 1638 2377 illius
1681 2309 2060 2397 composuit,
2101 2315 2325 2381 erraffe

618 2415 897 2499 videtur,
954 2439 1106 2483 cum
1154 2438 1308 2481 eum
1350 2414 1587 2502 scripfit
1636 2428 1768 2479 tres
1811 2425 1882 2479 et
1922 2415 2160 2503 viginti
2205 2441 2320 2483 an-

618 2539 737 2581 nos
812 2532 1033 2583 natum
1102 2518 1380 2605 primam
1451 2516 1700 2580 causam
1760 2516 2000 2604 judicii
2073 2520 2321 2605 publici

616 2621 839 2707 egiffe‚
916 2623 1334 2708 Sextumque·
1377 2620 1682 2687 Roscium
1737 2620 2058 2707 parricidii
2131 2646 2316 2691 reum

618 2722 984 2787 defendisse.

703 2826 949 2890 Frustra
1004 2824 1300 2889 Tullium
1354 2823 1747 2910 suspicimuS.
1863 2824 2086 2891 Refert
2137 2829 2312 2894 enim

616 2926 957 2991 Cornelius
1014 2929 1265 3013 Nepoe,
1327 2926 1390 2990 se
1449 2925 1781 3011 praesente,
1843 2926 2070 2993 iisdem
2146 2953 2310 3018 pene

610 3027 841 3106 verbiS,
875 3028 1114 3114 quibus
1160 3026 1334 3092 edita
1371 3026 1482 3105 est,
1513 3048 1654 3091 eam
1707 3048 1824 3114 pro
1855 3028 2172 3095 Cornelio.
2211 3032 2304 3097 se-

610 3127 839 3192 ditioso
871 3129 1133 3195 tribuno
1162 3126 1593 3193 defensionem
1621 3141 2008 3213 peroratam.

2084 3705 2290 3771 COR-
