2587 4402
949 428 1344 475 nam-Anna.
1905 426 1986 499 79

300 558 639 641 Datames,
668 560 777 627 etfi
808 560 1005 649 longe
1035 564 1261 627 aberat
1301 562 1386 627 ab
1431 560 1536 627 his
1581 560 1982 649 regionibuS,

298 674 363 725 et
390 685 430 725 a
458 663 705 751 majore
739 687 807 729 re
852 664 1358 743 abstrahebatur,
1390 676 1607 729 tamen
1641 666 1837 751 Regis
1870 688 1982 731 vo-
2073 670 2080 677 ’

292 762 533 829 luntati
563 788 811 830 morem
841 766 1200 853 gerendum
1226 767 1506 853 putavit.
1569 768 1799 853 Itaque
1830 790 1984 833 cum

288 870 543 953 pauciS,
562 870 671 935 sed
700 871 847 935 viris
870 871 1172 949 fortibuS,
1190 892 1419 935 navem
1448 870 1840 949 conscendit,
1865 893 1981 935 ex·

231 981 257 1029 5
290 969 577 1035 istimans
636 973 725 1053 id,
782 972 961 1061 quod
1005 972 1269 1051 accidit,
1325 972 1580 1037 facilius
1627 974 1690 1037 se
1733 972 1980 1059 impru-

289 1071 557 1137 dentem
588 1097 783 1161 parva
824 1098 1026 1139 manu
1068 1072 1530 1161 oppressurum,
1563 1096 1760 1161 quam
1791 1096 1979 1160 para·

289 1188 461 1255 tum,
494 1178 793 1263 quamvis
844 1201 1087 1265 magno
1134 1177 1447 1242 exercitu.
1535 1176 1684 1241 Hac
1727 1176 1982 1248 delatus

288 1277 353 1341 in
410 1278 741 1359 Ciliciam,
772 1278 1051 1367 egi-effus
1092 1279 1270 1359 inde,
1304 1279 1446 1345 dies
1486 1276 1828 1365 nofitesque
1860 1281 1984 1348 iter

288 1378 559 1461 facienS,
582 1384 873 1450 Taurum
901 1378 1165 1463 transsit,
1197 1402 1430 1469 eoque,
1461 1403 1596 1469 quo
1629 1381 1978 1464 studuerat,

198 1498 257 1534 ¹0
290 1484 491 1549 venit.
585 1485 843 1551 Quaerit
869 1486 1111 1573 quibus
1141 1484 1304 1549 locis
1335 1484 1410 1547 fit
1437 1483 1657 1570 Aspis3
1704 1484 1978 1572 cognos-

244 1674 248 1677 ,
286 1584 377 1649 cit
405 1585 587 1649 haud
630 1585 829 1673 longe
873 1584 1100 1666 abefl'e,
1143 1584 1640 1673 profectumque
1681 1608 1834 1651 eum
1866 1577 2010 1651 ve-'

284 1701 543 1753 natum.
635 1691 855 1755 Quem
891 1688 1051 1753 dum
1078 1688 1806 1775 speculatur,·adventus
1837 1689 1977 1776 ejus

282 1790 479 1855 causa
523 1791 955 1877 cognoscitur.
1046 1790 1277 1855 Pifidas
1325 1812 1475 1854 cum
1524 1791 1630 1871 iis,
1669 1813 1838 1879 quos
1877 1792 1973 1857 se·-

280 1916 439 1960 cum
471 1894 781 1974 habebat,
816 1892 899 1957 ad
940 1892 1344 1975 resistendum
1390 1892 1576 1979 Aspis
1620 1912 1972 1981 comparat.

193 2014 246 2065 ¹5
284 1996 365 2060 Id
406 1998 728 2091 Patames
770 1996 888 2061 ubi
933 1995 1203 2077 audivit,
1240 2018 1424 2061 arma
1464 1996 1658 2081 capit,
1705 1994 1976 2085 suosque

278 2099 461 2186 sequi
478 2099 700 2189 jubet,
730 2098 861 2185 ipse
889 2121 1060 2186 equo
1088 2097 1415 2163 concitato
1461 2097 1544 2161 ad
1587 2096 1826 2161 hostem
1861 2122 1972 2163 ve·-

276 2200 485 2282 hitur.
580 2203 801 2268 Quem
848 2199 1074 2290 procul
1121 2199 1314 2287 Aspis
1358 2196 1754 2284 conspiciens
1799 2198 1879 2264 ad
1910 2200 1973 2266 se

274 2303 595 2374 ferentem
624 2304 1037 2394 pertimescit,
1068 2317 1267 2392 atque
1313 2327 1352 2368 a
1379 2305 1973 2370 conatuffefistendi

274 2408 629 2474 deterritus
667 2408 793 2472 sese
839 2407 1043 2476 dedit.
1099 2407 1304 2490 Hunc
1333 2407 1650 2472 Datames
1679 2404 1970 2472 vinctum

184 2531 244 2566 ²0
278 2509 361 2574 ad
392 2512 643 2598 Regem
676 2507 1048 2579 ducendum
1084 2485 1281 2575 tradit
1309 2507 1709 2573 Mithridati.

361 2613 455 2678 V.
503 2614 669 2678 Haec
710 2611 871 2678 dum
910 2623 1276 2699 geruntur,
1304 2611 1722 2690 Artaxerxes,
1769 2612 1964 2675 remi

273 2697 527 2780 niscens
569 2738 609 2778 a
652 2727 903 2802 quanto
944 2712 1118 2778 bello
1158 2711 1239 2777 ad
1280 2735 1478 2798 quam
1524 2734 1784 2797 parvam
1832 2735 1968 2776 rem

272 2819 634 2906 principem
662 2817 909 2882 ducum
938 2815 1211 2895 mififl'et,
1246 2816 1310 2880 se
1357 2815 1562 2902 ipsum
1615 2815 1966 2902 reprehen-

270 2919 393 2998 dit,
428 2931 497 2984 et
526 2917 832 2983 nuntium
862 2916 941 2982 ad
966 2917 1324 2982 exercitum
1349 2918 1534 2982 Acen
1568 2916 1757 2997 mifit,
1789 2917 1968 3002 quod

182 3047 239 3096 25
272 3023 571 3089 nondum
614 3023 939 3086 Datamen
982 3019 1346 3107 profectum
1392 3021 1690 3106 putabat,
1743 3019 1857 3106 qui
1904 3021 1966 3084 ei

271 3125 539 3203 diceret,
586 3145 671 3186 ne
720 3123 803 3187 ab
846 3122 1133 3188 exercitu
1176 3120 1548 3186 discederet.
1639 3120 1790 3201 His,
1829 3123 1963 3209 pri-,-

266 3229 547 3316 .usquam
590 3226 967 3314 perveniret,
1011 3247 1145 3312 quo
1188 3238 1325 3306 erat
1366 3223 1712 3311 profectuS,
1742 3225 1810 3290 in
1852 3223 1962 3290 iti·-

272 3353 427 3396 nere
482 3328 812 3408 convenit,
876 3328 990 3414 qui
1048 3325 1275 3412 Aspim
1339 3325 1695 3401 ducebant.
1809 3329 1966 3395 Qua

270 3430 608 3495 celeritate
658 3451 811 3514 cum
856 3451 1165 3516 magnam
1212 3427 1728 3493 benevolentiam
1761 3429 1964 3516 Regis

180 3556 240 3606 30
274 3534 591 3598 Datames
636 3529 1015 3596 consecutus
1044 3529 1219 3609 effet,
1252 3552 1386 3594 non
1427 3531 1744 3594 minorem
1789 3531 1960 3596 invi-

268 3633 449 3700 diam
510 3631 873 3698 aulicorum
930 3631 1208 3718 excepit,
1267 3631 1449 3718 quod
1504 3629 1690 3696 illum
1751 3654 1963 3697 unum

1042 3754 1085 3796 E
1116 3753 1162 3813 4
1297 3799 1302 3803 ,
1737 3733 1960 3820 piune,
