<?xml version="1.0" encoding="UTF-8"?>
<!DOCTYPE html PUBLIC "-//W3C//DTD XHTML 1.0 Transitional//EN"
    "http://www.w3.org/TR/xhtml1/DTD/xhtml1-transitional.dtd">
<html xmlns="http://www.w3.org/1999/xhtml" xml:lang="en" lang="en">
 <head>
  <title>
</title>
<meta http-equiv="Content-Type" content="text/html;charset=utf-8" />
  <meta name='ocr-system' content='tesseract 3.04.00' />
  <meta name='ocr-capabilities' content='ocr_page ocr_carea ocr_par ocr_line ocrx_word'/>
</head>
<body>
  <div class='ocr_page' id='page_1' title='image "./corneliinepotis30nepogoog_0104.png"; bbox 0 0 2587 4402; ppageno 0'>
   <div class='ocr_carea' id='block_1_1' title="bbox 651 526 1748 601">
    <p class='ocr_par' dir='ltr' id='par_1_1' title="bbox 651 526 1748 601">
     <span class='ocr_line' id='line_1_1' title="bbox 651 526 1748 601; baseline 0.008 -24"><span class='ocrx_word' id='word_1_1' title='bbox 651 529 737 601; x_wconf 70' lang='lat'>74</span> <span class='ocrx_word' id='word_1_2' title='bbox 1246 526 1748 585; x_wconf 65' lang='lat' dir='ltr'>fimo-rimus.</span> 
     </span>
    </p>
   </div>
   <div class='ocr_carea' id='block_1_2' title="bbox 622 666 2428 3909">
    <p class='ocr_par' dir='ltr' id='par_1_2' title="bbox 627 666 2428 2495">
     <span class='ocr_line' id='line_1_2' title="bbox 644 666 2342 759; baseline 0 -26"><span class='ocrx_word' id='word_1_3' title='bbox 644 668 909 748; x_wconf 88' lang='lat' dir='ltr'>accidit,</span> <span class='ocrx_word' id='word_1_4' title='bbox 957 690 1106 734; x_wconf 89' lang='lat' dir='ltr'>cum</span> <span class='ocrx_word' id='word_1_5' title='bbox 1164 668 1246 733; x_wconf 84' lang='lat' dir='ltr'>ad</span> <span class='ocrx_word' id='word_1_6' title='bbox 1292 668 1560 735; x_wconf 86' lang='lat' dir='ltr'>insulam</span> <span class='ocrx_word' id='word_1_7' title='bbox 1605 666 2209 759; x_wconf 77' lang='lat' dir='ltr'>appropinquarent,</span> <span class='ocrx_word' id='word_1_8' title='bbox 2259 681 2342 734; x_wconf 89' lang='lat' dir='ltr'>ut-</span> 
     </span>
     <span class='ocr_line' id='line_1_3' title="bbox 643 771 2338 859; baseline -0.001 -22"><span class='ocrx_word' id='word_1_9' title='bbox 643 794 885 858; x_wconf 82' lang='lat' dir='ltr'>magna</span> <span class='ocrx_word' id='word_1_10' title='bbox 940 772 1276 858; x_wconf 74' lang='lat' dir='ltr'>tempesias</span> <span class='ocrx_word' id='word_1_11' title='bbox 1325 772 1620 853; x_wconf 86' lang='lat' dir='ltr'>oriretur,</span> <span class='ocrx_word' id='word_1_12' title='bbox 1671 794 1866 859; x_wconf 87' lang='lat' dir='ltr'>quam</span> <span class='ocrx_word' id='word_1_13' title='bbox 1921 771 2160 836; x_wconf 84' lang='lat' dir='ltr'>evitare</span> <span class='ocrx_word' id='word_1_14' title='bbox 2201 772 2338 836; x_wconf 84' lang='lat' dir='ltr'>duo</span> 
     </span>
     <span class='ocr_line' id='line_1_4' title="bbox 640 874 2332 959; baseline 0.001 -24"><span class='ocrx_word' id='word_1_15' title='bbox 640 888 889 938; x_wconf 82' lang='lat' dir='ltr'>veteres</span> <span class='ocrx_word' id='word_1_16' title='bbox 934 874 1350 959; x_wconf 70' lang='lat' dir='ltr'>impet-atores</span> <span class='ocrx_word' id='word_1_17' title='bbox 1402 874 1565 938; x_wconf 90' lang='lat' dir='ltr'>utile</span> <span class='ocrx_word' id='word_1_18' title='bbox 1616 874 1900 939; x_wconf 87' lang='lat' dir='ltr'>arbitrati</span> <span class='ocrx_word' id='word_1_19' title='bbox 1951 874 2123 939; x_wconf 85' lang='lat' dir='ltr'>suam</span> <span class='ocrx_word' id='word_1_20' title='bbox 2171 874 2332 938; x_wconf 87' lang='lat' dir='ltr'>clas-</span> 
     </span>
     <span class='ocr_line' id='line_1_5' title="bbox 638 973 2334 1063; baseline 0.002 -25"><span class='ocrx_word' id='word_1_21' title='bbox 638 974 771 1039; x_wconf 85' lang='lat' dir='ltr'>sem</span> <span class='ocrx_word' id='word_1_22' title='bbox 811 973 1292 1063; x_wconf 81' lang='lat' dir='ltr'>supprefferunt.</span> <span class='ocrx_word' id='word_1_23' title='bbox 1383 977 1478 1039; x_wconf 92' lang='lat' dir='ltr'>At</span> <span class='ocrx_word' id='word_1_24' title='bbox 1519 975 1630 1040; x_wconf 87' lang='lat' dir='ltr'>ille</span> <span class='ocrx_word' id='word_1_25' title='bbox 1675 976 2014 1041; x_wconf 80' lang='lat' dir='ltr'>temeraria</span> <span class='ocrx_word' id='word_1_26' title='bbox 2051 976 2200 1041; x_wconf 84' lang='lat' dir='ltr'>usus</span> <span class='ocrx_word' id='word_1_27' title='bbox 2231 999 2334 1041; x_wconf 89' lang='lat' dir='ltr'>ra-</span> 
     </span>
     <span class='ocr_line' id='line_1_6' title="bbox 638 1078 2398 1167; baseline 0.001 -26"><span class='ocrx_word' id='word_1_28' title='bbox 638 1080 817 1142; x_wconf 81' lang='lat' dir='ltr'>tione</span> <span class='ocrx_word' id='word_1_29' title='bbox 868 1101 995 1143; x_wconf 89' lang='lat' dir='ltr'>non</span> <span class='ocrx_word' id='word_1_30' title='bbox 1028 1079 1203 1143; x_wconf 83' lang='lat' dir='ltr'>ceflit</span> <span class='ocrx_word' id='word_1_31' title='bbox 1234 1078 1550 1167; x_wconf 85' lang='lat' dir='ltr'>majorum</span> <span class='ocrx_word' id='word_1_32' title='bbox 1599 1092 1756 1144; x_wconf 90' lang='lat' dir='ltr'>natu</span> <span class='ocrx_word' id='word_1_33' title='bbox 1801 1079 2193 1158; x_wconf 62' lang='lat' dir='ltr'>auctoritati,</span> <span class='ocrx_word' id='word_1_34' title='bbox 2240 1092 2332 1159; x_wconf 88' lang='lat' dir='ltr'>et,</span> <span class='ocrx_word' id='word_1_35' title='bbox 2369 1090 2398 1143; x_wconf 81' lang='lat'>⁵</span> 
     </span>
     <span class='ocr_line' id='line_1_7' title="bbox 637 1180 2332 1269; baseline 0.001 -24"><span class='ocrx_word' id='word_1_36' title='bbox 637 1192 713 1245; x_wconf 87' lang='lat' dir='ltr'>ut</span> <span class='ocrx_word' id='word_1_37' title='bbox 740 1180 803 1243; x_wconf 87' lang='lat' dir='ltr'>in</span> <span class='ocrx_word' id='word_1_38' title='bbox 836 1180 947 1245; x_wconf 82' lang='lat' dir='ltr'>sua</span> <span class='ocrx_word' id='word_1_39' title='bbox 988 1204 1185 1245; x_wconf 86' lang='lat' dir='ltr'>manu</span> <span class='ocrx_word' id='word_1_40' title='bbox 1230 1180 1382 1246; x_wconf 76' lang='lat' dir='ltr'>efl&#39;et</span> <span class='ocrx_word' id='word_1_41' title='bbox 1409 1180 1690 1261; x_wconf 86' lang='lat' dir='ltr'>fortuna,</span> <span class='ocrx_word' id='word_1_42' title='bbox 1723 1204 1856 1269; x_wconf 91' lang='lat' dir='ltr'>quo</span> <span class='ocrx_word' id='word_1_43' title='bbox 1887 1182 2332 1261; x_wconf 79' lang='lat' dir='ltr'><strong>contenderat,</strong></span> 
     </span>
     <span class='ocr_line' id='line_1_8' title="bbox 634 1282 2335 1371; baseline 0 -25"><span class='ocrx_word' id='word_1_44' title='bbox 634 1282 946 1369; x_wconf 83' lang='lat' dir='ltr'>pervenit,</span> <span class='ocrx_word' id='word_1_45' title='bbox 994 1283 1356 1370; x_wconf 88' lang='lat' dir='ltr'>eodemque</span> <span class='ocrx_word' id='word_1_46' title='bbox 1402 1295 1480 1347; x_wconf 90' lang='lat' dir='ltr'>ut</span> <span class='ocrx_word' id='word_1_47' title='bbox 1522 1285 1938 1371; x_wconf 86' lang='lat' dir='ltr'>sequerentur</span> <span class='ocrx_word' id='word_1_48' title='bbox 1979 1282 2060 1347; x_wconf 86' lang='lat' dir='ltr'>ad</span> <span class='ocrx_word' id='word_1_49' title='bbox 2097 1282 2335 1347; x_wconf 79' lang='lat' dir='ltr'>Timo-</span> 
     </span>
     <span class='ocr_line' id='line_1_9' title="bbox 633 1379 2334 1473; baseline 0 -24"><span class='ocrx_word' id='word_1_50' title='bbox 633 1385 859 1450; x_wconf 84' lang='lat' dir='ltr'>theum</span> <span class='ocrx_word' id='word_1_51' title='bbox 915 1379 985 1449; x_wconf 80' lang='lat' dir='ltr'>et</span> <span class='ocrx_word' id='word_1_52' title='bbox 1044 1386 1436 1473; x_wconf 72' lang='lat' dir='ltr'>Iphicratem</span> <span class='ocrx_word' id='word_1_53' title='bbox 1495 1386 1798 1450; x_wconf 85' lang='lat' dir='ltr'>nuntium</span> <span class='ocrx_word' id='word_1_54' title='bbox 1847 1384 2060 1450; x_wconf 66' lang='lat' dir='ltr'>misit.</span> <span class='ocrx_word' id='word_1_55' title='bbox 2149 1385 2334 1450; x_wconf 84' lang='lat' dir='ltr'>Hinc</span> 
     </span>
     <span class='ocr_line' id='line_1_10' title="bbox 634 1487 2348 1577; baseline 0 -26"><span class='ocrx_word' id='word_1_56' title='bbox 634 1488 805 1552; x_wconf 89' lang='lat' dir='ltr'>male</span> <span class='ocrx_word' id='word_1_57' title='bbox 862 1504 933 1551; x_wconf 82' lang='lat' dir='ltr'>re</span> <span class='ocrx_word' id='word_1_58' title='bbox 988 1490 1185 1576; x_wconf 84' lang='lat' dir='ltr'>gesta,</span> <span class='ocrx_word' id='word_1_59' title='bbox 1239 1487 1685 1575; x_wconf 85' lang='lat' dir='ltr'><strong>compluribus</strong></span> <span class='ocrx_word' id='word_1_60' title='bbox 1743 1487 1971 1551; x_wconf 88' lang='lat' dir='ltr'>amiffis</span> <span class='ocrx_word' id='word_1_61' title='bbox 2030 1487 2348 1577; x_wconf 35' lang='lat' dir='ltr'>navibus&amp;-</span> 
     </span>
     <span class='ocr_line' id='line_1_11' title="bbox 633 1588 2428 1677; baseline 0.001 -24"><span class='ocrx_word' id='word_1_62' title='bbox 633 1590 891 1666; x_wconf 78' lang='lat' dir='ltr'>codem‚</span> <span class='ocrx_word' id='word_1_63' title='bbox 922 1590 1098 1653; x_wconf 85' lang='lat' dir='ltr'>unde</span> <span class='ocrx_word' id='word_1_64' title='bbox 1134 1603 1268 1654; x_wconf 85' lang='lat' dir='ltr'>erat</span> <span class='ocrx_word' id='word_1_65' title='bbox 1299 1588 1648 1676; x_wconf 66' lang='lat' dir='ltr'>profectus,</span> <span class='ocrx_word' id='word_1_66' title='bbox 1681 1590 1742 1654; x_wconf 91' lang='lat' dir='ltr'>se</span> <span class='ocrx_word' id='word_1_67' title='bbox 1781 1589 2048 1677; x_wconf 87' lang='lat' dir='ltr'>recepit,</span> <span class='ocrx_word' id='word_1_68' title='bbox 2076 1589 2328 1654; x_wconf 87' lang='lat' dir='ltr'>literas·</span> <span class='ocrx_word' id='word_1_69' title='bbox 2369 1597 2428 1635; x_wconf 76' lang='lat'>¹⁰</span> 
     </span>
     <span class='ocr_line' id='line_1_12' title="bbox 633 1690 2330 1780; baseline 0 -25"><span class='ocrx_word' id='word_1_70' title='bbox 633 1712 761 1779; x_wconf 86' lang='lat' dir='ltr'>que</span> <span class='ocrx_word' id='word_1_71' title='bbox 791 1692 1087 1756; x_wconf 85' lang='lat' dir='ltr'>Athenas</span> <span class='ocrx_word' id='word_1_72' title='bbox 1134 1692 1400 1779; x_wconf 85' lang='lat' dir='ltr'>publice</span> <span class='ocrx_word' id='word_1_73' title='bbox 1441 1690 1611 1755; x_wconf 78' lang='lat' dir='ltr'>misit</span> <span class='ocrx_word' id='word_1_74' title='bbox 1660 1691 1771 1756; x_wconf 84' lang='lat' dir='ltr'>fibi</span> <span class='ocrx_word' id='word_1_75' title='bbox 1820 1690 2330 1780; x_wconf 73' lang='lat' dir='ltr'>proclive-fuisso</span> 
     </span>
     <span class='ocr_line' id='line_1_13' title="bbox 632 1793 2328 1880; baseline 0 -22"><span class='ocrx_word' id='word_1_76' title='bbox 632 1796 900 1858; x_wconf 84' lang='lat' dir='ltr'>Samum</span> <span class='ocrx_word' id='word_1_77' title='bbox 948 1816 1197 1879; x_wconf 84' lang='lat' dir='ltr'>capere,</span> <span class='ocrx_word' id='word_1_78' title='bbox 1250 1794 1359 1857; x_wconf 83' lang='lat' dir='ltr'>nifi</span> <span class='ocrx_word' id='word_1_79' title='bbox 1405 1818 1446 1859; x_wconf 84' lang='lat' dir='ltr'>a</span> <span class='ocrx_word' id='word_1_80' title='bbox 1485 1794 1841 1859; x_wconf 85' lang='lat' dir='ltr'><strong>Timotheo</strong></span> <span class='ocrx_word' id='word_1_81' title='bbox 1881 1805 1949 1858; x_wconf 87' lang='lat' dir='ltr'>et</span> <span class='ocrx_word' id='word_1_82' title='bbox 2001 1793 2328 1880; x_wconf 83' lang='lat' dir='ltr'>Iphicrate</span> 
     </span>
     <span class='ocr_line' id='line_1_14' title="bbox 632 1894 2322 1961; baseline 0 -2"><span class='ocrx_word' id='word_1_83' title='bbox 632 1896 917 1959; x_wconf 80' lang='lat' dir='ltr'>desertus</span> <span class='ocrx_word' id='word_1_84' title='bbox 946 1894 1120 1960; x_wconf 83' lang='lat' dir='ltr'>effet.</span> <span class='ocrx_word' id='word_1_85' title='bbox 1210 1896 1321 1961; x_wconf 91' lang='lat' dir='ltr'>Ob</span> <span class='ocrx_word' id='word_1_86' title='bbox 1347 1918 1488 1961; x_wconf 87' lang='lat' dir='ltr'>eam</span> <span class='ocrx_word' id='word_1_87' title='bbox 1527 1918 1676 1961; x_wconf 61' lang='lat' dir='ltr'>rem</span> <span class='ocrx_word' id='word_1_88' title='bbox 1723 1896 1790 1961; x_wconf 88' lang='lat' dir='ltr'>in</span> <span class='ocrx_word' id='word_1_89' title='bbox 1839 1896 2083 1961; x_wconf 80' lang='lat' dir='ltr'><strong>crimen</strong></span> <span class='ocrx_word' id='word_1_90' title='bbox 2129 1917 2322 1959; x_wconf 85' lang='lat' dir='ltr'>voca-</span> 
     </span>
     <span class='ocr_line' id='line_1_15' title="bbox 628 1996 2320 2087; baseline -0.001 -24"><span class='ocrx_word' id='word_1_91' title='bbox 628 2000 886 2063; x_wconf 82' lang='lat' dir='ltr'><strong>bantur.</strong></span> <span class='ocrx_word' id='word_1_92' title='bbox 980 1996 1281 2083; x_wconf 79' lang='lat' dir='ltr'>PopuluS,</span> <span class='ocrx_word' id='word_1_93' title='bbox 1327 2019 1494 2077; x_wconf 86' lang='lat' dir='ltr'>acer,</span> <span class='ocrx_word' id='word_1_94' title='bbox 1533 1997 1837 2087; x_wconf 79' lang='lat' dir='ltr'>suspicax,</span> <span class='ocrx_word' id='word_1_95' title='bbox 1869 1998 2157 2077; x_wconf 71' lang='lat' dir='ltr'>mobilia,</span> <span class='ocrx_word' id='word_1_96' title='bbox 2204 1998 2320 2061; x_wconf 86' lang='lat' dir='ltr'>ad-</span> 
     </span>
     <span class='ocr_line' id='line_1_16' title="bbox 629 2097 2417 2185; baseline 0.001 -23"><span class='ocrx_word' id='word_1_97' title='bbox 629 2099 958 2178; x_wconf 74' lang='lat' dir='ltr'>versariuS,</span> <span class='ocrx_word' id='word_1_98' title='bbox 1003 2097 1259 2163; x_wconf 79' lang='lat' dir='ltr'>invidus</span> <span class='ocrx_word' id='word_1_99' title='bbox 1289 2100 1484 2163; x_wconf 85' lang='lat' dir='ltr'>etiam</span> <span class='ocrx_word' id='word_1_100' title='bbox 1537 2100 1870 2185; x_wconf 67' lang='lat' dir='ltr'>potentiae,</span> <span class='ocrx_word' id='word_1_101' title='bbox 1902 2100 2172 2165; x_wconf 87' lang='lat' dir='ltr'>domum</span> <span class='ocrx_word' id='word_1_102' title='bbox 2215 2120 2318 2162; x_wconf 84' lang='lat' dir='ltr'>re·-</span> <span class='ocrx_word' id='word_1_103' title='bbox 2361 2110 2417 2163; x_wconf 67' lang='lat'>¹3</span> 
     </span>
     <span class='ocr_line' id='line_1_17' title="bbox 627 2201 2322 2290; baseline 0.001 -24"><span class='ocrx_word' id='word_1_104' title='bbox 627 2218 856 2269; x_wconf 81' lang='lat' dir='ltr'>vocat:</span> <span class='ocrx_word' id='word_1_105' title='bbox 924 2203 1302 2268; x_wconf 81' lang='lat' dir='ltr'>accusantur</span> <span class='ocrx_word' id='word_1_106' title='bbox 1357 2203 1762 2289; x_wconf 81' lang='lat' dir='ltr'>proditionis,</span> <span class='ocrx_word' id='word_1_107' title='bbox 1869 2205 2020 2268; x_wconf 90' lang='lat' dir='ltr'>Hoc</span> <span class='ocrx_word' id='word_1_108' title='bbox 2065 2201 2322 2290; x_wconf 85' lang='lat' dir='ltr'>judicio</span> 
     </span>
     <span class='ocr_line' id='line_1_18' title="bbox 630 2299 2322 2392; baseline -0.002 -21"><span class='ocrx_word' id='word_1_109' title='bbox 630 2307 968 2372; x_wconf 82' lang='lat' dir='ltr'>damnatur</span> <span class='ocrx_word' id='word_1_110' title='bbox 1021 2299 1435 2384; x_wconf 74' lang='lat' dir='ltr'>Timotheu8‚</span> <span class='ocrx_word' id='word_1_111' title='bbox 1509 2304 1710 2391; x_wconf 84' lang='lat' dir='ltr'>lisque</span> <span class='ocrx_word' id='word_1_112' title='bbox 1783 2303 1922 2392; x_wconf 79' lang='lat' dir='ltr'>ejus</span> <span class='ocrx_word' id='word_1_113' title='bbox 1979 2304 2322 2368; x_wconf 84' lang='lat' dir='ltr'>aestimatur</span> 
     </span>
     <span class='ocr_line' id='line_1_19' title="bbox 630 2407 2320 2495; baseline -0.001 -22"><span class='ocrx_word' id='word_1_114' title='bbox 630 2421 892 2474; x_wconf 84' lang='lat' dir='ltr'>centum</span> <span class='ocrx_word' id='word_1_115' title='bbox 944 2407 1227 2472; x_wconf 82' lang='lat' dir='ltr'>talentis,</span> <span class='ocrx_word' id='word_1_116' title='bbox 1323 2407 1466 2487; x_wconf 81' lang='lat' dir='ltr'>Ille,</span> <span class='ocrx_word' id='word_1_117' title='bbox 1517 2407 1672 2472; x_wconf 87' lang='lat' dir='ltr'>odio</span> <span class='ocrx_word' id='word_1_118' title='bbox 1715 2407 1986 2495; x_wconf 85' lang='lat' dir='ltr'>ingratae</span> <span class='ocrx_word' id='word_1_119' title='bbox 2039 2407 2320 2472; x_wconf 80' lang='lat' dir='ltr'>civitatis</span> 
     </span>
    </p>

    <p class='ocr_par' dir='ltr' id='par_1_3' title="bbox 622 2501 2410 3909">
     <span class='ocr_line' id='line_1_20' title="bbox 628 2501 1792 2589; baseline -0.001 -15"><span class='ocrx_word' id='word_1_120' title='bbox 628 2511 913 2589; x_wconf 68' lang='grc' dir='ltr'>οοειᾶἰυε,</span> <span class='ocrx_word' id='word_1_121' title='bbox 951 2509 1328 2574; x_wconf 82' lang='lat' dir='ltr'>Chalcidem</span> <span class='ocrx_word' id='word_1_122' title='bbox 1363 2510 1424 2574; x_wconf 88' lang='lat' dir='ltr'>se</span> <span class='ocrx_word' id='word_1_123' title='bbox 1455 2508 1754 2574; x_wconf 78' lang='lat' dir='ltr'>contulit.</span> <span class='ocrx_word' id='word_1_124' title='bbox 1785 2501 1792 2508; x_wconf 52' lang='lat'>⁵</span> 
     </span>
     <span class='ocr_line' id='line_1_21' title="bbox 714 2610 2410 2701; baseline 0.002 -27"><span class='ocrx_word' id='word_1_125' title='bbox 714 2613 839 2676; x_wconf 90' lang='lat' dir='ltr'>1V.</span> <span class='ocrx_word' id='word_1_126' title='bbox 888 2610 1102 2698; x_wconf 79' lang='lat' dir='ltr'>Hujus</span> <span class='ocrx_word' id='word_1_127' title='bbox 1161 2613 1296 2698; x_wconf 91' lang='lat' dir='ltr'>post</span> <span class='ocrx_word' id='word_1_128' title='bbox 1339 2625 1616 2676; x_wconf 86' lang='lat' dir='ltr'>mortem</span> <span class='ocrx_word' id='word_1_129' title='bbox 1659 2633 1810 2676; x_wconf 87' lang='lat' dir='ltr'>cum</span> <span class='ocrx_word' id='word_1_130' title='bbox 1855 2611 2168 2699; x_wconf 88' lang='lat' dir='ltr'>populum</span> <span class='ocrx_word' id='word_1_131' title='bbox 2201 2613 2316 2701; x_wconf 85' lang='lat' dir='ltr'>ju-</span> <span class='ocrx_word' id='word_1_132' title='bbox 2351 2633 2410 2667; x_wconf 69' lang='grc' dir='ltr'>ιο</span> 
     </span>
     <span class='ocr_line' id='line_1_22' title="bbox 627 2713 2390 2801; baseline 0.001 -23"><span class='ocrx_word' id='word_1_133' title='bbox 627 2713 780 2778; x_wconf 79' lang='lat' dir='ltr'>dicii</span> <span class='ocrx_word' id='word_1_134' title='bbox 810 2713 903 2778; x_wconf 87' lang='lat' dir='ltr'>sui</span> <span class='ocrx_word' id='word_1_135' title='bbox 950 2714 1316 2801; x_wconf 80' lang='lat' dir='ltr'>poeniteret,</span> <span class='ocrx_word' id='word_1_136' title='bbox 1349 2714 1609 2779; x_wconf 70' lang='lat' dir='ltr'>mulCtae</span> <span class='ocrx_word' id='word_1_137' title='bbox 1657 2735 1890 2779; x_wconf 85' lang='lat' dir='ltr'>novem</span> <span class='ocrx_word' id='word_1_138' title='bbox 1941 2729 2149 2800; x_wconf 80' lang='lat' dir='ltr'>partes</span> <span class='ocrx_word' id='word_1_139' title='bbox 2199 2715 2316 2779; x_wconf 84' lang='lat' dir='ltr'>de·</span> <span class='ocrx_word' id='word_1_140' title='bbox 2381 2715 2390 2723; x_wconf 81' lang='grc'><strong>’</strong></span> 
     </span>
     <span class='ocr_line' id='line_1_23' title="bbox 626 2816 2318 2907; baseline 0.001 -25"><span class='ocrx_word' id='word_1_141' title='bbox 626 2819 845 2897; x_wconf 78' lang='lat' dir='ltr'><strong>traxit,</strong></span> <span class='ocrx_word' id='word_1_142' title='bbox 874 2830 944 2882; x_wconf 89' lang='lat' dir='ltr'>et</span> <span class='ocrx_word' id='word_1_143' title='bbox 982 2816 1206 2883; x_wconf 83' lang='lat' dir='ltr'>decem</span> <span class='ocrx_word' id='word_1_144' title='bbox 1252 2817 1498 2882; x_wconf 84' lang='lat' dir='ltr'>talenta</span> <span class='ocrx_word' id='word_1_145' title='bbox 1541 2817 1883 2881; x_wconf 86' lang='lat' dir='ltr'>Cononem</span> <span class='ocrx_word' id='word_1_146' title='bbox 1917 2817 2134 2899; x_wconf 33' lang='lat' dir='ltr'>„filium</span> <span class='ocrx_word' id='word_1_147' title='bbox 2179 2817 2318 2907; x_wconf 79' lang='lat' dir='ltr'>ejus</span> 
     </span>
     <span class='ocr_line' id='line_1_24' title="bbox 627 2919 2319 3008; baseline 0 -22"><span class='ocrx_word' id='word_1_148' title='bbox 627 2923 709 2986; x_wconf 86' lang='lat' dir='ltr'>ad</span> <span class='ocrx_word' id='word_1_149' title='bbox 766 2921 935 3000; x_wconf 76' lang='lat' dir='ltr'>muri</span> <span class='ocrx_word' id='word_1_150' title='bbox 986 2919 1310 3006; x_wconf 87' lang='lat' dir='ltr'>quandam</span> <span class='ocrx_word' id='word_1_151' title='bbox 1375 2932 1622 3006; x_wconf 86' lang='lat' dir='ltr'>partem</span> <span class='ocrx_word' id='word_1_152' title='bbox 1681 2919 2088 2984; x_wconf 85' lang='lat' dir='ltr'>reficiendam</span> <span class='ocrx_word' id='word_1_153' title='bbox 2138 2920 2319 3008; x_wconf 83' lang='lat' dir='ltr'>juffit</span> 
     </span>
     <span class='ocr_line' id='line_1_25' title="bbox 624 3008 2316 3108; baseline -0.001 -20"><span class='ocrx_word' id='word_1_154' title='bbox 624 3023 800 3088; x_wconf 83' lang='lat' dir='ltr'>dare.</span> <span class='ocrx_word' id='word_1_155' title='bbox 893 3024 969 3086; x_wconf 92' lang='lat' dir='ltr'>In</span> <span class='ocrx_word' id='word_1_156' title='bbox 1028 3043 1163 3108; x_wconf 91' lang='lat' dir='ltr'>quo</span> <span class='ocrx_word' id='word_1_157' title='bbox 1220 3008 1498 3086; x_wconf 77' lang='lat' dir='ltr'>fortunae</span> <span class='ocrx_word' id='word_1_158' title='bbox 1553 3022 1824 3086; x_wconf 82' lang='lat' dir='ltr'>varietas</span> <span class='ocrx_word' id='word_1_159' title='bbox 1879 3024 1966 3087; x_wconf 89' lang='lat' dir='ltr'>est</span> <span class='ocrx_word' id='word_1_160' title='bbox 2017 3023 2316 3089; x_wconf 83' lang='lat' dir='ltr'>animad-</span> 
     </span>
     <span class='ocr_line' id='line_1_26' title="bbox 627 3123 2408 3210; baseline -0.002 -22"><span class='ocrx_word' id='word_1_161' title='bbox 627 3124 820 3190; x_wconf 78' lang='lat' dir='ltr'>versa.</span> <span class='ocrx_word' id='word_1_162' title='bbox 912 3127 1113 3202; x_wconf 86' lang='lat' dir='ltr'>Nam,</span> <span class='ocrx_word' id='word_1_163' title='bbox 1146 3145 1313 3210; x_wconf 87' lang='lat' dir='ltr'>quos</span> <span class='ocrx_word' id='word_1_164' title='bbox 1341 3145 1500 3188; x_wconf 82' lang='lat' dir='ltr'>avus</span> <span class='ocrx_word' id='word_1_165' title='bbox 1547 3123 1778 3187; x_wconf 88' lang='lat' dir='ltr'>Conon</span> <span class='ocrx_word' id='word_1_166' title='bbox 1807 3146 2030 3190; x_wconf 83' lang='lat' dir='ltr'>muros</span> <span class='ocrx_word' id='word_1_167' title='bbox 2070 3147 2150 3188; x_wconf 83' lang='lat' dir='ltr'>ex</span> <span class='ocrx_word' id='word_1_168' title='bbox 2191 3126 2310 3189; x_wconf 87' lang='lat' dir='ltr'>ho-</span> <span class='ocrx_word' id='word_1_169' title='bbox 2350 3145 2408 3200; x_wconf 74' lang='lat'>²3</span> 
     </span>
     <span class='ocr_line' id='line_1_27' title="bbox 626 3225 2316 3314; baseline -0.001 -23"><span class='ocrx_word' id='word_1_170' title='bbox 626 3228 810 3292; x_wconf 83' lang='lat' dir='ltr'>stium</span> <span class='ocrx_word' id='word_1_171' title='bbox 864 3226 1080 3312; x_wconf 68' lang='lat' dir='ltr'>praeda</span> <span class='ocrx_word' id='word_1_172' title='bbox 1126 3225 1348 3311; x_wconf 84' lang='lat' dir='ltr'>patriae</span> <span class='ocrx_word' id='word_1_173' title='bbox 1396 3225 1773 3304; x_wconf 84' lang='lat' dir='ltr'>restituerat,</span> <span class='ocrx_word' id='word_1_174' title='bbox 1813 3225 2068 3290; x_wconf 78' lang='lat' dir='ltr'>eosdem</span> <span class='ocrx_word' id='word_1_175' title='bbox 2116 3249 2316 3314; x_wconf 77' lang='lat' dir='ltr'>nepos</span> 
     </span>
     <span class='ocr_line' id='line_1_28' title="bbox 626 3325 2312 3415; baseline -0.001 -19"><span class='ocrx_word' id='word_1_176' title='bbox 626 3353 777 3396; x_wconf 88' lang='lat' dir='ltr'>cum</span> <span class='ocrx_word' id='word_1_177' title='bbox 827 3329 1073 3394; x_wconf 82' lang='lat' dir='ltr'>summa</span> <span class='ocrx_word' id='word_1_178' title='bbox 1122 3326 1482 3415; x_wconf 83' lang='lat' dir='ltr'>ignominia</span> <span class='ocrx_word' id='word_1_179' title='bbox 1524 3325 1787 3391; x_wconf 76' lang='lat' dir='ltr'>familiae</span> <span class='ocrx_word' id='word_1_180' title='bbox 1822 3349 1904 3390; x_wconf 83' lang='lat' dir='ltr'>ex</span> <span class='ocrx_word' id='word_1_181' title='bbox 1944 3329 2054 3392; x_wconf 87' lang='lat' dir='ltr'>sna</span> <span class='ocrx_word' id='word_1_182' title='bbox 2095 3351 2166 3392; x_wconf 81' lang='lat' dir='ltr'>re</span> <span class='ocrx_word' id='word_1_183' title='bbox 2211 3328 2312 3394; x_wconf 81' lang='lat' dir='ltr'>fa-</span> 
     </span>
     <span class='ocr_line' id='line_1_29' title="bbox 623 3427 2312 3496; baseline -0.001 0"><span class='ocrx_word' id='word_1_184' title='bbox 623 3431 859 3496; x_wconf 78' lang='lat' dir='ltr'>miliari</span> <span class='ocrx_word' id='word_1_185' title='bbox 906 3430 1165 3495; x_wconf 84' lang='lat' dir='ltr'>reficere</span> <span class='ocrx_word' id='word_1_186' title='bbox 1206 3429 1468 3494; x_wconf 64' lang='lat' dir='ltr'>coacius</span> <span class='ocrx_word' id='word_1_187' title='bbox 1511 3429 1618 3492; x_wconf 88' lang='lat' dir='ltr'>est.</span> <span class='ocrx_word' id='word_1_188' title='bbox 1707 3427 2042 3493; x_wconf 87' lang='lat' dir='ltr'>Timothei</span> <span class='ocrx_word' id='word_1_189' title='bbox 2093 3443 2312 3494; x_wconf 84' lang='lat' dir='ltr'>autem</span> 
     </span>
     <span class='ocr_line' id='line_1_30' title="bbox 624 3529 2308 3618; baseline -0.001 -20"><span class='ocrx_word' id='word_1_190' title='bbox 624 3534 973 3598; x_wconf 80' lang='lat' dir='ltr'>moderatae</span> <span class='ocrx_word' id='word_1_191' title='bbox 1032 3530 1455 3618; x_wconf 83' lang='lat' dir='ltr'>sapientisque</span> <span class='ocrx_word' id='word_1_192' title='bbox 1503 3529 1653 3593; x_wconf 82' lang='lat' dir='ltr'>vitoe</span> <span class='ocrx_word' id='word_1_193' title='bbox 1699 3550 1850 3594; x_wconf 90' lang='lat' dir='ltr'>cum</span> <span class='ocrx_word' id='word_1_194' title='bbox 1895 3531 2080 3616; x_wconf 86' lang='lat' dir='ltr'>plura</span> <span class='ocrx_word' id='word_1_195' title='bbox 2120 3533 2308 3618; x_wconf 84' lang='lat' dir='ltr'>poffi-</span> 
     </span>
     <span class='ocr_line' id='line_1_31' title="bbox 622 3632 2400 3723; baseline -0.001 -23"><span class='ocrx_word' id='word_1_196' title='bbox 622 3657 771 3700; x_wconf 85' lang='lat' dir='ltr'>mus</span> <span class='ocrx_word' id='word_1_197' title='bbox 798 3635 1078 3723; x_wconf 84' lang='lat' dir='ltr'>proferre</span> <span class='ocrx_word' id='word_1_198' title='bbox 1121 3632 1502 3713; x_wconf 83' lang='lat' dir='ltr'>testimonia,</span> <span class='ocrx_word' id='word_1_199' title='bbox 1527 3653 1662 3696; x_wconf 88' lang='lat' dir='ltr'>uno</span> <span class='ocrx_word' id='word_1_200' title='bbox 1705 3633 1946 3698; x_wconf 78' lang='lat' dir='ltr'>erimus</span> <span class='ocrx_word' id='word_1_201' title='bbox 1973 3636 2300 3716; x_wconf 81' lang='lat' dir='ltr'>contenti3</span> <span class='ocrx_word' id='word_1_202' title='bbox 2343 3663 2400 3712; x_wconf 78' lang='lat'>30</span> 
     </span>
     <span class='ocr_line' id='line_1_32' title="bbox 623 3735 2310 3828; baseline 0.001 -26"><span class='ocrx_word' id='word_1_203' title='bbox 623 3739 802 3828; x_wconf 85' lang='lat' dir='ltr'>quod</span> <span class='ocrx_word' id='word_1_204' title='bbox 854 3759 934 3804; x_wconf 85' lang='lat' dir='ltr'>ex</span> <span class='ocrx_word' id='word_1_205' title='bbox 986 3759 1065 3801; x_wconf 87' lang='lat' dir='ltr'>eo</span> <span class='ocrx_word' id='word_1_206' title='bbox 1096 3735 1285 3802; x_wconf 83' lang='lat' dir='ltr'>facilc</span> <span class='ocrx_word' id='word_1_207' title='bbox 1329 3735 1562 3824; x_wconf 87' lang='lat' dir='ltr'>conjici</span> <span class='ocrx_word' id='word_1_208' title='bbox 1607 3736 1864 3823; x_wconf 86' lang='lat' dir='ltr'>poterit,</span> <span class='ocrx_word' id='word_1_209' title='bbox 1893 3755 2087 3824; x_wconf 83' lang='lat' dir='ltr'>quam</span> <span class='ocrx_word' id='word_1_210' title='bbox 2125 3759 2310 3803; x_wconf 82' lang='lat' dir='ltr'>carus</span> 
     </span>
     <span class='ocr_line' id='line_1_33' title="bbox 1357 3843 2310 3909; baseline 0 -1"><span class='ocrx_word' id='word_1_211' title='bbox 1357 3859 1362 3866; x_wconf 85' lang='lat'>&#39;</span> <span class='ocrx_word' id='word_1_212' title='bbox 2179 3843 2310 3909; x_wconf 75' lang='lat' dir='ltr'>suis</span> 
     </span>
    </p>
   </div>
   <div class='ocr_carea' id='block_1_3' title="bbox 2534 2146 2562 3331">
    <p class='ocr_par' dir='ltr' id='par_1_4' title="bbox 2534 2146 2562 3331">
     <span class='ocr_line' id='line_1_34' title="bbox 2534 2146 2562 3331; baseline 0 0"><span class='ocrx_word' id='word_1_213' title='bbox 2534 2146 2562 3331; x_wconf 95' lang='lat' dir='ltr'> </span> 
     </span>
    </p>
   </div>
  </div>
 </body>
</html>
