2587 4402
622 421 720 494 -50
1178 428 1282 487 'tn
1300 425 1769 484 aunuum.

633 561 771 629 vit:
827 558 919 627 nil
962 558 1205 647 attigit,
1252 558 1365 625 nifi
1410 581 1585 623 arma
1632 576 1910 643 quorum
1956 550 2317 640 indigebat,

632 677 704 729 et
757 685 904 751 quae
963 662 1045 727 ad
1091 660 1335 725 victum
1392 659 1819 746 pertinebant.
1909 658 1985 721 In
2041 654 2321 719 secundo

633 760 855 850 praelio
912 760 1148 826 cecidit
1199 760 1434 825 Critias
1480 760 1617 825 dux
1672 772 2117 846 tyrannorum,
2166 776 2319 821 cum

617 866 894 955 ⁸quidem
946 862 1240 929 adversus
1285 861 1769 951 Thrasybulum
1815 856 2143 925 fortiffime
2189 878 2317 943 pu-

633 981 888 1057 gnaret.
2360 980 2393 1031 5

723 1071 849 1133 111.
881 1070 1032 1133 Hoc
1056 1064 1333 1155 dejee'co,
1368 1064 1695 1131 Pausanias
1717 1063 1895 1131 venit
1922 1061 2166 1138 Atticis
2200 1083 2318 1125 au-

633 1170 792 1235 xilio
813 1192 923 1237 rex
951 1167 1614 1235 Lacedaemoniorum.
1672 1168 1737 1231 Is
1759 1166 1925 1231 inter
1953 1162 2328 1250 Thrasybu-

635 1272 797 1352 lum,
829 1284 898 1337 et
933 1292 1066 1350 eoa,
1097 1270 1211 1357 qui
1250 1270 1480 1347 urbem
1524 1268 1854 1347 tenebant,
1895 1265 2053 1331 fecit
2095 1285 2325 1351 pacem

633 1374 738 1439 his
761 1373 1276 1440 conditionibus:
1304 1393 1387 1435 ne
1408 1369 1545 1457 qui,
1565 1381 1793 1457 praeter
1814 1367 2080 1455 triginta
2100 1380 2326 1455 tyran-

617 1500 780 1557 ¹noa,
805 1490 873 1541 et
895 1476 1144 1555 decem,
1167 1477 1312 1563 qui,
1335 1477 1547 1563 postea
1570 1488 1877 1563 praetores
1894 1473 2117 1553 creati,
2135 1472 2321 1559 supe·-
2370 1498 2431 1533 ιο

633 1578 818 1643 rioris
869 1598 1047 1641 more
1091 1576 1489 1642 crudelitatis
1534 1590 1718 1642 erant
1760 1576 1873 1656 ufi,
1922 1575 2327 1641 afficerentur

619 1680 878 1758 .exili0;
935 1700 1096 1750 neve
1149 1677 1523 1765 cujusquam
1575 1679 1753 1743 bona
1798 1677 2279 1763 publicarentur
2304 1700 2323 1738 ε

635 1781 1006 1869 reipublicae
1034 1779 1404 1867 procuratio
1432 1779 1677 1867 populo
1706 1778 2098 1846 redderetur.
2153 1778 2325 1843 Prae-

617 1884 882 1955 ‚clarum
917 1884 1044 1949 hoc
1073 1904 1337 1970 quoque
1363 1883 1775 1972 Thrasybuli,
1804 1882 2003 1968 quod,
2027 1881 2323 1950 reconci-

637 1986 790 2049 liata
839 2006 1019 2071 pace,
1069 2006 1222 2047 cum
1271 1984 1624 2069 plurimum
1674 1984 1741 2047 in
1792 1983 2051 2051 civitate
2101 1982 2325 2069 poffet,
2373 2015 2395 2047 ι
2402 2010 2430 2061 5

637 2085 852 2172 legem
895 2085 1071 2164 tulit,
1117 2106 1198 2147 ne
1235 2084 1381 2170 quis
1415 2085 1851 2151 anteactarum
1882 2106 2095 2149 rerum
2124 2104 2324 2151 accu-

639 2187 912 2266 saretur,
949 2208 1109 2251 neve
1145 2184 1571 2266 multaretur3
1618 2209 1891 2275 eamque
1934 2185 2031 2252 illi
2075 2187 2327 2274 Legem

641 2286 1004 2356 Oblivionis
1047 2285 1469 2373 appellarunt.
1530 2290 1770 2375 Neque
1800 2310 1953 2354 vero
1980 2288 2149 2352 hanc
2180 2303 2326 2352 tan-

641 2405 776 2458 tum
831 2389 1158 2456 ferendam
1205 2390 1479 2470 curavit,
1525 2390 1631 2456 sed
1679 2391 1902 2470 etiam,
1940 2403 2015 2457 ut
2058 2391 2327 2470 valeret,

639 2491 876 2558 effecit.
963 2492 1162 2568 Nam,
1208 2512 1363 2555 cum
1406 2490 1669 2577 quidam
1710 2513 1793 2558 ex
1834 2491 1961 2572 his,
1992 2492 2105 2579 qui
2144 2492 2330 2558 simul
2372 2517 2435 2554 κο

641 2614 794 2656 cum
830 2613 910 2655 eo
949 2590 1020 2656 in
1063 2589 1258 2654 exilio
1285 2589 1559 2670 fucrant,
1592 2591 1837 2658 caedem
1865 2591 2073 2658 facere
2102 2615 2333 2658 eorum

645 2694 911 2772 vellent,
942 2713 1092 2756 cum
1136 2691 1377 2779 quibus
1418 2692 1487 2756 in
1524 2683 1815 2780 gratiam'
1841 2695 2123 2761 reditum
2170 2709 2331 2774 erat,

641 2795 903 2884 publice
946 2793 1303 2882 prohibuit,
1337 2805 1407 2860 et
1445 2793 1537 2876 id,
1578 2796 1759 2882 quod
1798 2796 2126 2883 pollicitus
2168 2813 2331 2878 erat,

639 2899 954 2986 praestitit.
1912 2911 1919 2918 '

728 3000 850 3064 IV.
899 2995 1102 3076 Huic,
1133 3019 1250 3083 pro
1277 2997 1474 3080 tantis
1504 2999 1775 3078 meritis»,
1801 2999 2065 3064 honoris
2094 3021 2337 3067 corona
2373 3029 2433 3082 25

645 3121 686 3164 a
711 3096 950 3184 populo
979 3097 1130 3160 data
1155 3098 1266 3176 est,
1298 3097 1463 3162 faeta
1502 3120 1541 3162 e
1574 3099 1828 3166 duabus
1858 3101 2129 3188 virgulis
2154 3102 2333 3166 olea-

645 3198 820 3286 ginis
843 3221 864 3278 3
895 3219 1067 3284 quae,
1097 3197 1274 3285 quod
1303 3219 1482 3262 amor
1510 3198 1771 3280 civium,
1796 3222 1925 3267 non
1957 3201 2054 3266 vis
2080 3203 2333 3288 expres-

627 3299 832 3377 ⁸serat,
863 3297 1108 3364 nullam
1140 3297 1369 3364 habuit
1409 3297 1741 3380 invidiam,
1778 3323 2167 3390 magnaeque
2208 3301 2341 3368 fuit

648 3399 902 3490 gloriae.
972 3399 1151 3462 Bene
1195 3419 1357 3485 ergo
1408 3398 1689 3464 Pittacus
1734 3401 1869 3482 ine,
1922 3404 2039 3489 qui
2092 3402 2337 3490 septem

651 3501 1002 3590 sapientum
1038 3521 1307 3564 numero
1342 3499 1427 3564 est
1467 3500 1755 3582 habituS,
1784 3523 1931 3568 cum
1962 3503 2025 3568 ei
2052 3503 2333 3592 Mityle·
2372 3533 2436 3580 30

657 3604 780 3670 naei
811 3602 1017 3670 multa
1051 3599 1261 3668 millia
1287 3601 1600 3692 jugerum
1628 3602 1767 3692 agri
1796 3605 2051 3671 muneri
2082 3604 2337 3685 darent,

2104 3706 2335 3789 Nolite,
