2587 4402
590 446 731 514 xxii

660 593 864 667 superat.
898 603 1026 652 mut.
1044 604 1227 666 Nepos.
1260 603 1410 674 Diod.

660 670 876 733 Polyaen.
894 669 930 718 l.
950 669 1016 716 vi.

591 751 649 788 ι.
678 734 942 783 Timoleon
1006 731 1411 795 Carthaginiensi-

660 799 753 847 bus
774 813 947 860 pacem
980 799 1257 860 petentibus
1290 813 1410 847 con-

660 866 801 912 cedit.
824 864 971 910 Diod.
1329 880 1336 888 -

600 945 647 992 3.
686 931 850 989 Pugna
866 929 927 974 ad
948 929 1287 984 Chaeroneam,
1309 941 1408 987 qua

655 994 916 1054 Philippus
932 992 1247 1039 Athenienses
1270 993 1406 1038 vicit.

661 1059 807 1106 Diod.
824 1057 1020 1119 Dionys.
1040 1059 1101 1104 ad
1121 1059 1406 1104 Amnaeum.

655 1123 861 1170 Pausan.
887 1123 937 1168 in
960 1122 1109 1168 Attio.
1130 1132 1178 1169 et
1198 1120 1298 1168 alii.

589 1205 639 1252 4.
674 1188 937 1236 Timoleon
973 1187 1192 1235 moritur.
1222 1186 1407 1248 Nepos,

658 1253 831 1302 Plut.'

622 1327 629 1334 ³
708 1409 714 1415 .
816 1364 1185 1414 omumcxl.
1269 1393 1273 1400 ·

600 1489 644 1522 ι.
681 1472 931 1535 Philippus
964 1473 1070 1520 Rex
1112 1487 1142 1520 a
1172 1472 1408 1520 Pausania

661 1537 859 1586 satellite
897 1538 1146 1584 occiditur.
1184 1538 1332 1586 Diod.
1369 1537 1404 1586 l.

664 1603 761 1649 xvi.
784 1603 975 1648 Arrian.
996 1612 1045 1648 et
1066 1601 1165 1648 alii.

599 1681 646 1728 3.
686 1667 959 1714 Alexander
980 1667 1053 1714 M.
1074 1666 1302 1728 Philippo
1323 1679 1408 1727 pa·

658 1733 717 1778 tri
740 1733 967 1779 succedit.

790 1845 1001 1892 Omrur.
1030 1844 1209 1892 CXIII.

594 1970 643 2016 3.
679 1955 1033 2016 Hephaestionis
1082 1973 1228 2006 mors.
1274 1957 1405 2020 Nep.

660 2021 710 2066 in
745 2022 980 2070 Eumene.
1046 2023 1225 2071 AElian.
1247 2023 1281 2072 l.
1317 2024 1405 2072 xii.

660 2099 706 2134 c.
732 2096 777 2142 7.
814 2095 863 2134 et
880 2084 981 2134 alii.

1136 453 1742 516 ennouotoou.

1667 602 1882 652 Omma
1913 581 2091 656 CXIV.

1479 708 1518 742 1.
1558 696 1834 756 Alexander
1865 702 2113 766 Babylone
2139 705 2292 752 mori·

1479 797 1484 800 .
1537 769 1633 818 tur,
1651 763 1728 809 vel
1762 779 1974 825 veneno,
1998 767 2076 818 vel
2105 767 2290 818 intem-

1541 828 1774 886 perantia.

1475 903 1524 936 κ.
1560 891 1813 952 Antipater
1845 903 1892 942 et
1911 895 2134 946 Craterus
2163 899 2290 948 AEo-

1534 953 1654 1002 liam
1672 970 1976 1019 oppugnant.

1682 1051 1896 1100 Onna».
1919 1053 2072 1104 CXV.

1475 1157 1524 1192 2·
1560 1145 1803 1196 Eumenes
1839 1149 1896 1196 fit
1927 1165 2098 1212 regum
2131 1163 2284 1204 tutor.

1533 1208 1752 1258 Phocion
1769 1213 1832 1260 ad
1850 1216 2162 1278 Antipatrum
2177 1235 2290 1282 pro-

1452 1329 1459 1333 ·
1534 1273 1682 1322 ficisci
1710 1278 1908 1326 recusat.

1475 1351 1518 1397 3.
1544 1339 1753 1400 Argyras
1751 1343 1922 1401 pidum
1937 1344 2174 1404 phalanx,
2187 1348 2289 1396 Eu-

1549 1406 1682 1451 meni
1723 1405 1966 1465 adjunfila‚
2005 1411 2170 1458 frustra
2219 1415 2285 1461 ab

1534 1468 1785 1530 Antigono
1806 1482 1854 1518 et
1881 1473 2146 1524 Ptolemaeo
2175 1478 2288 1526 soli-

1535 1533 1727 1580 citatur.
2056 1589 2086 1598 „-

1468 1609 1504 1656 4
1555 1596 1801 1646 Eumenes
1827 1602 2046 1650 adversus
2078 1605 2288 1666 Antigo-

1535 1675 1661 1708 num
1691 1663 1877 1712 bellum
1898 1666 2032 1725 gerit,
2056 1679 2104 1716 et
2126 1671 2288 1718 Satra-

1533 1740 1612 1788 pae
1642 1727 1851 1785 Orientis
1880 1731 1926 1776 se
1956 1731 2283 1796 conjungunt.

1681 1823 1898 1872 oram.
1917 1827 2091 1876 CXVI.

1479 1930 1520 1962 ι.
1554 1917 1788 1968 Eumenis
1845 1934 1965 1970 cum
2031 1926 2286 1989 Antigono

1535 1996 1714 2044 anceps
1733 1985 1974 2046 praelium.
2099 2025 2104 2034 ,

1501 2047 1580 2093 Ab
1601 2049 1850 2110 Antigono
1874 2052 2062 2112 capitur
2082 2064 2132 2102 et
2149 2057 2286 2106 occi..

1501 2111 1646 2160 ditur.
1671 2114 1814 2164 Diod.
1839 2115 2021 2178 Nepos.
2165 2136 2170 2139 ·

1975 3750 2264 3803 NOMINA
