2587 4402
644 459 773 524 186
1110 475 1499 522 commun
1537 471 1876 520 ntro-1¹1³

636 605 820 696 quod
846 606 1019 672 ultra
1068 607 1269 673 denos
1319 607 1460 672 dies
1489 618 1690 695 negat
1721 606 1950 672 durare
1979 603 2162 668 idem
2193 604 2339 670 Ne-

633 731 793 798 pos;
870 710 1221 798 baccasque
1270 710 1570 775 contusas
1615 729 1770 775 cum
1812 706 1976 772 alica
2015 707 2104 770 ad
2153 706 2342 770 cibos

632 813 817 879 dolio
846 814 1065 880 condi.
1126 815 1261 878 xiii.
1305 832 1407 899 17.

722 915 1051 980 Scandula
1079 918 1449 982 conte&am
1495 913 1676 980 fuiffe
1707 916 1989 979 Romam
2019 911 2228 998 usque
2257 910 2341 976 ad

632 1015 883 1081 bellum
928 1017 1155 1105 Pyrrhi
1198 1003 1916 1105 annis'quadringentis
1950 1035 2136 1094 Lxx,
2171 1013 2335 1078 Cor·-

632 1118 846 1183 nelius
875 1121 1105 1206 Nepos
1134 1121 1362 1185 auetor
1389 1121 1500 1184 est.
1575 1118 1706 1183 xvi.
1743 1137 1846 1182 10.

720 1220 1067 1287 Cornelius
1124 1223 1352 1308 Nepos
1413 1219 1607 1285 tradit
1655 1232 1810 1283 ante
1867 1220 2068 1284 Sullae
2125 1218 2336 1286 vieto·

630 1319 792 1388 riam
856 1323 993 1388 duo
1048 1336 1307 1390 tantum
1367 1323 1650 1389 triclinia
1699 1323 1931 1388 Romae
1981 1315 2172 1387 fuiffe
2236 1343 2337 1386 ar·

628 1435 891 1509 gentea.
936 1425 1157 1490 xxxiii.
1197 1447 1302 1492 11.

721 1525 973 1590 Primus
1016 1527 1268 1606 invenit
1313 1528 1518 1594 lineas
1567 1527 1856 1593 colorare
1899 1527 2082 1607 testa,
2113 1538 2194 1590 ut
2240 1525 2339 1591 fe-

628 1637 808 1706 runt,
869 1627 1023 1692 trita
1078 1627 1530 1717 Cleophantus
1583 1628 1998 1696 Corinthius.
2105 1630 2336 1708 Hunc,

628 1740 744 1792 aut
781 1728 1011 1794 eodem
1060 1732 1329 1796 nomine
1377 1731 1602 1812 alium,
1641 1730 1846 1810 fuiss'e,
1899 1751 2100 1818 quem
2147 1731 2340 1796 tradit

632 1829 979 1896 Cornelius
1008 1833 1235 1920 Nepos
1266 1835 1554 1899 secutum
1604 1834 1674 1897 in
1723 1833 1976 1896 Italiam
2006 1831 2332 1896 Demara-

626 1943 773 1996 tum
824 1935 1169 2022 Tarquinii
1232 1936 1425 2002 Prisci
1484 1936 1764 2000 Romani
1818 1935 1992 2021 regis
2059 1947 2332 2022 patrem,

625 2031 993 2122 fugientem
1030 2059 1068 2102 a
1099 2038 1419 2103 Corintho
1459 2039 1726 2127 injurias
1761 2037 2020 2128 Cypseli
2047 2037 2330 2125 tyranni,

625 2159 782 2203 mox
810 2139 1212 2206 docebimus.
1265 2163 1454 2207 xxxv,
1485 2159 1552 2227 3.

716 2241 1007 2306 Primum
1040 2244 1266 2307 Romae
1283 2244 1556 2330 parietes
1585 2244 1792 2311 crusta
1809 2242 2152 2307 marmoris
2175 2264 2328 2329 ope·

626 2341 813 2407 ruifl'e
842 2343 1042 2408 totius
1066 2344 1302 2409 domus
1332 2346 1457 2409 suae
1481 2345 1550 2408 in
1581 2344 1795 2410 Coelio
1825 2356 2052 2407 monte
2077 2344 2326 2408 Corne-

624 2444 755 2510 lius
780 2446 1005 2533 Nepos
1028 2446 1291 2513 tradidit
1319 2448 1746 2527 Mamurram,
1767 2445 2042 2511 Formiis
2073 2460 2328 2528 natum,

627 2548 919 2634 equitem
953 2552 1347 2631 Romanum,
1379 2548 1754 2638 praefeeium
1785 2546 2038 2633 fabrum
2073 2549 2159 2613 C.
2183 2549 2324 2613 Cae-

624 2646 777 2712 saris
806 2650 875 2714 in
910 2650 1145 2730 Gallia,
1182 2652 1307 2716 &c.
1392 2650 1660 2739 Adjecit
1687 2652 1858 2715 idem
1892 2652 2147 2737 NepoS,
2180 2672 2327 2717 eum

624 2748 910 2836 primum
950 2752 1107 2815 totis
1139 2751 1394 2817 aedibus
1431 2753 1705 2833 nullam,
1739 2752 1850 2816 nifi
1897 2776 1934 2817 e
1981 2776 2323 2833 marmore,

626 2852 1001 2918 columnam
1050 2854 1358 2934 habuisse,
1391 2876 1620 2920 omnes
1667 2854 1898 2919 solidas
1937 2878 1978 2919 e
2009 2856 2324 2945 Carysti0‚

627 2967 741 3020 aut
772 2956 1073 3023 Lunenfi.
1134 2958 1351 3022 xxxvi.
1387 2960 1452 3021 6.
1905 2978 1912 2987 ·

1321 3111 1498 3179 Cu.
1531 3112 1652 3179 XI.

709 3248 904 3314 AEdis
951 3249 1184 3315 Martis
1239 3250 1329 3314 est
1379 3250 1446 3313 in
1507 3249 1682 3313 circo
1731 3248 2056 3315 Flaminio
2114 3253 2324 3317 archi-

624 3350 865 3417 teRata
892 3354 974 3417 ab
1007 3352 1418 3417 Hermodoro
1449 3351 1823 3417 Salaminia

602 3488 613 3497 ·
708 3454 866 3518 Non
916 3452 1196 3539 amplius
1246 3467 1358 3518 ter·
1387 3453 1610 3518 bibere
1656 3452 2021 3539 Augustum
2061 3456 2324 3522 solitum

622 3556 809 3645 super
837 3580 1113 3638 coenam,
1146 3557 1212 3620 in
1244 3557 1458 3623 castris
1485 3556 1660 3645 apud
1683 3556 2046 3640 Mutinam,
2075 3561 2322 3625 Corne-

625 3659 755 3726 lius
784 3660 1009 3749 Nepos
1034 3658 1254 3725 tradit.

967 3800 1000 3824 ,.
2196 3812 2203 3819 .
2247 3764 2319 3827 In
