2587 4402
558 482 563 495 Ι
594 384 681 469 84³
1246 404 1642 461 DAz-Ama&

586 528 989 631 gligendum
1033 548 1311 635 putabit,
1345 547 1613 635 experiri
1663 534 1872 611 voluit
1911 556 2136 609 verum
2171 537 2324 607 fal-³

601 644 827 711 sumne
857 648 969 711 fibi
1000 648 1151 711 effet
1179 648 1481 714 relatum.
1575 651 1805 734 Itaque
1847 669 1928 711 eo
1969 643 2324 733 profeetu's

606 748 717 827 est,
748 772 881 835 quo
912 750 1138 814 itinere
1167 749 1416 815 futuras
1465 750 1715 814 infidias
1757 750 2074 813 dixerant.
2169 746 2326 811 Sed

606 848 807 938 elegit
835 874 1098 938 corpore
1128 864 1195 916 et
1240 854 1477 919 statura
1519 852 1913 917 simillimum
1953 850 2071 929 sui,
2105 849 2327 936 eique

588 954 903 1017 ¹vestitum
958 955 1143 1019 suum
1196 954 1403 1033 dedit,
1449 968 1646 1042 atq-ue
1689 976 1767 1018 eo
1809 954 1958 1018 loco
1998 952 2117 1031 ire,
2163 973 2326 1037 quo
2381 969 2436 1017 ε

605 1056 737 1142 ipse
792 1057 1224 1138 consueverat,
1280 1058 1502 1147 juffit:
1569 1060 1700 1145 ipse
1755 1068 1976 1123 autem
2032 1069 2325 1119 ornatus

606 1158 835 1223 vestitu
880 1159 1139 1223 militari
1184 1160 1350 1225 inter
1371 1160 1673 1248 ,corporis
1713 1158 2004 1225 custodes
2043 1158 2168 1221 iter
2195 1156 2276 1219 fa
2303 1198 2320 1211 ·

610 1282 755 1324 cere
784 1262 1001 1347 coepit.
1095 1262 1187 1327 At
1214 1262 1628 1341 infidiatoreS,
1659 1263 1993 1348 postquam
2045 1259 2114 1323 in
2146 1280 2322 1325 eum

518 1375 530 1387 ‘
610 1364 831 1429 locum
886 1388 1117 1451 agmen
1169 1366 1482 1451 pervenit,
1527 1364 1782 1451 decepti
1826 1363 2058 1427 ordine
2101 1376 2320 1448 atque

608 1468 859 1546 vestitu,
910 1469 973 1530 in
1020 1490 1169 1531 eum
1217 1468 1468 1531 faciunt
1509 1469 1853 1554 impetum,
1899 1467 2016 1553 qui
2057 1465 2316 1553 suppo-⁴
2369 1490 2428 1523 ιο

604 1568 764 1650 fitus
822 1582 1007 1634 erat:
1086 1569 1464 1657 praedixerat
1521 1584 1740 1633 autem
1800 1568 1900 1633 his
1959 1570 2312 1645 DatameS,

614 1692 763 1735 cum
811 1673 1052 1759 quibus
1096 1673 1217 1735 iter
1259 1672 1562 1749 faciebat,
1591 1686 1668 1735 ut
1712 1671 1917 1758 parati
1957 1669 2158 1734 effent
2192 1669 2310 1733 -fa-

614 1794 779 1851 cere,
827 1774 1003 1860 quod
1048 1774 1253 1861 ipsum
1301 1772 1612 1839 vidiffent.
1705 1774 1868 1861 Ipse,
1900 1788 1978 1838 ut
2016 1796 2308 1838 concur-

598 1889 843 1938 ·rentes.
886 1875 1276 1939 insidiatores
1335 1875 1806 1953 animadvertit,
1865 1874 1997 1937 tela
2053 1874 2120 1937 in
2189 1896 2310 1939 eos

574 1968 913 2063 '·conjecit.
1005 1980 1156 2043 Hoc
1218 1980 1387 2043 idem
1450 2001 1603 2043 cum
1661 1978 1928 2041 universi
1991 1976 2304 2057 fecissent,
2361 1996 2414 2045 ¹5

612 2077 981 2167 priusquam
1025 2080 1426 2167 pervenirent
1471 2079 1550 2143 ad
1593 2102 1771 2158 eum,
1802 2100 1997 2165 quem
2031 2080 2311 2166 aggredi

572 2203 577 2210 ·
616 2179 941 2261 volebant,
973 2182 1202 2248 confixi
1234 2182 1626 2248 ceciderunt.

603 2315 611 2322 ·
703 2284 789 2347 X.
850 2283 980 2348 Hic
1037 2297 1255 2348 tamen
1327 2267 1462 2348 tam
1525 2283 1797 2348 callidus
1854 2284 1950 2348 vir
2011 2295 2311 2350 extremo

616 2399 906 2474 tempore
968 2402 1191 2474 captus
1248 2390 1334 2452 est
1391 2388 1797 2453 Mithridatis
1835 2388 2312 2454 Ariobarzanis

600 2488 731 2552 filii
790 2489 963 2555 dolo·
1070 2492 1382 2577 Namque
1425 2492 1483 2554 is
1524 2491 1852 2577 pollicitus
1894 2491 1980 2554 est
2029 2491 2195 2578 Regi
2241 2493 2307 2557 se
2341 2519 2409 2552 ιο

606 2613 769 2656 -eum
825 2591 1342 2669 interfeciturum,
1392 2595 1431 2656 fi
1467 2593 1531 2657 ei
1563 2595 1700 2656 Rex
1728 2593 2156 2678 promitteret,
2203 2609 2309 2675 ut,

601 2695 1056 2783 ¹quodcunque
1102 2696 1319 2777 vellet,
1365 2697 1589 2764 liceret
1627 2697 1894 2784 impune
1937 2695 2168 2774 facere,
2225 2698 2307 2761 fi-

618 2800 899 2886 demque
942 2799 1023 2862 de
1066 2819 1141 2862 ea
1185 2821 1275 2878 re,
1306 2821 1483 2864 more
1527 2799 1875 2878 Persarum,
1915 2798 2140 2864 dextra
2183 2800 2306 2863 de-

616 2902 819 2967 diffet.
910 2905 1103 2970 Hanc
1146 2915 1223 2966 ut
1265 2903 1536 2988 accepit,
1584 2902 1836 2968 fimulat
1875 2901 1938 2966 se
1982 2903 2309 2990 suscepisse

618 3027 769 3069 cum
803 3007 984 3091 Rege
1012 3004 1459 3084 inimicitiam3
1505 3005 1722 3090 copias
1753 3018 1954 3091 parat,
1984 3019 2052 3068 et
2079 3005 2307 3070 absens
2335 3023 2402 3076 ας

593 3105 967 3168 -amicitiam
1008 3129 1161 3170 cum
1205 3109 1488 3171 Datame
1544 3105 1700 3171 facit
1722 3131 1742 3188 3
1797 3108 1998 3194 Regis
2039 3109 2304 3194 provin-

602 3206 787 3270 ·ciam
818 3219 1027 3283 vexat,
1059 3207 1313 3298 castella
1359 3221 1714 3294 expugnat,
1747 3231 2016 3296 magnas
2056 3211 2307 3295 >praedas

596 3308 830 3396 ¹capit:
900 3321 1177 3394 quarum
1228 3324 1478 3394 partem
1535 3310 1660 3374 s'uis
1701 3310 2010 3396 dispertit,
2055 3325 2306 3398 partem

616 3413 699 3476 ad
728 3411 1047 3478 Datamen
1094 3411 1318 3476 mittit.
1413 3413 1550 3476 Pari
1595 3412 1790 3476 modo
1829 3413 2166 3500 complura
2191 3437 2303 3479 ca-

614 3514 791 3580 stella
846 3514 907 3580 ei
968 3514 1187 3580 tradit.
1275 3515 1440 3578 Haec
1499 3515 1614 3579 diu
1671 3514 1966 3603 faciendo
2007 3515 2395 3602 persuafitv

604 3615 867 3683 ‘homini
897 3617 959 3684 se
990 3618 1314 3684 infinitum
1363 3617 1656 3682 adversus
1689 3618 1934 3706 Regem
1981 3605 2304 3704 suscepisse

596 3725 638 3762 ἕ·
962 3769 981 3784 ,
1401 3745 1432 3760 ··
1489 3749 1512 3762 ··
2005 3719 2300 3804 bellum;
