2587 4402
812 462 1313 519 nmxcnrrts.
1812 456 1895 539 67

205 602 418 689 Apud.
464 602 862 671 Corinthum
931 618 1116 671 tanta
1185 605 1515 671 severitate
1586 608 1897 671 exercitui

203 704 483 789 praefuit,
531 719 614 769 ut
663 705 862 770 nulloe
907 724 1202 794 unquam
1255 706 1327 771 in
1382 707 1639 771 Graecia
1684 728 1897 793 neque

201 805 692 871 exercitatiores
739 807 966 894 eopiae,
997 830 1210 895 neque
1253 808 1469 897 magis
1497 808 1676 875 dieto
1706 808 1895 873 audi-

200 920 382 973 entes
409 906 660 973 fuerint
687 908 884 990 duci3
929 909 998 973 in
1047 929 1320 995 eamque
1362 908 1897 973 consuetudinem

143 1022 170 1073 5
202 1009 506 1089 adduxit,
535 1022 636 1089 ut,
666 1031 822 1075 cum
865 1010 1070 1098 praelii
1115 1011 1369 1099 fignum
1400 1012 1483 1075 ab
1510 1010 1899 1097 imperatore

123 1114 132 1121 “
199 1110 352 1175 effet
401 1110 658 1191 datum,
691 1112 818 1177 fine
847 1112 1034 1177 ducis
1061 1134 1260 1199 opera
1287 1112 1371 1177 fic
1396 1112 1706 1179 ordinatae
1736 1134 1897 1177 con-

199 1212 509 1291 fisterent,
565 1224 642 1277 ut
701 1214 932 1301 finguli
993 1236 1032 1278 a
1085 1212 1457 1300 peritiffimo
1508 1212 1897 1299 imperatore

197 1310 486 1401 dispofiti
519 1313 908 1379 viderentur.
975 1316 1124 1379 Hoc
1156 1313 1446 1379 exercitu
1472 1314 1731 1377 Moram
1763 1314 1895 1378 La-

197 1416 754 1481 eedaemoniorum
804 1414 1152 1496 interfecit,
1201 1414 1383 1502 quod
1430 1413 1715 1478 maxime
1758 1424 1899 1478 tota
1946 1462 1957 1471 .

113 1539 168 1574 ιο
197 1516 610 1582 celebratum
654 1518 742 1581 est
787 1516 1060 1582 Graecia.
1151 1518 1399 1582 Iterum
1440 1516 1693 1581 eodem·
1718 1514 1899 1582 bello

135 1620 140 1623 ’
197 1640 432 1684 omnes
479 1617 697 1706 copias
745 1634 970 1683 eorum
1017 1617 1311 1705 fugavit3
1357 1638 1493 1705 quo
1529 1616 1705 1683 faffio
1746 1639 1897 1682 ma-

196 1739 404 1807 gnam
451 1719 728 1806 adeptus
772 1720 857 1785 est
900 1717 1202 1807 gloriam.
1237 1748 1246 1759 ·
1291 1717 1466 1782 Cum
1508 1716 1901 1783 Artaxerxes

197 1818 529 1908 AEgyptio
555 1820 694 1907 regi
723 1819 968 1885 bellum
997 1816 1229 1885 inferre
1255 1818 1573 1899 voluiffet‚
1606 1818 1899 1906 Iphicra-

195 1931 334 1983 tem
395 1921 482 1984 ab
542 1920 1040 1985 Atheniensibus
1095 1919 1323 2005 petivit
1372 1919 1633 1999 ducem,
1694 1942 1909 2006 quem‘

114 2053 136 2089 ι
142 2050 166 2103 5
195 2022 556 2109 praeficeret
581 2021 894 2086 exercitui
923 2020 1347 2099 conductitiO,
1368 2021 1557 2109 cujus
1585 2041 1895 2090 numerus

198 2122 575 2187 duodecim
614 2121 899 2186 millium
955 2121 1100 2188 fuit.
1201 2124 1426 2199 Quem
1484 2122 1749 2210 quidem
1810 2124 1893 2189 fic

85 2215 88 2222 ¹
197 2218 384 2290 omni
431 2209 766 2310 disciplina
813 2223 1079 2288 militari
1125 2223 1430 2304 erudivit,
1462 2235 1539 2288 ut
1575 2225 1893 2310 quemad-

195 2327 474 2392 modum
509 2327 838 2414 quondam
885 2326 1152 2392 Fabiani
1182 2323 1437 2389 ‘milites
1468 2326 1743 2390 Romani
1774 2349 1891 2442 ap-

195 2429 432 2514 pellati
474 2427 645 2506 sunt,
677 2429 758 2490 fic
805 2423 1267 2512 Iphicratenses
1307 2426 1479 2512 apud
1519 2417 1841 2492 Graecos'
1824 2451 1891 2492 1n

113 2557 166 2592 ιο
197 2527 462 2593 summa
488 2527 683 2591 laude
711 2525 974 2592 fuerint.
1063 2525 1248 2590 Idem
1279 2525 1552 2591 subfidio
1584 2529 1891 2592 Lacedae-

195 2628 446 2694 moniis
499 2626 822 2715 profectus
869 2627 1338 2718 Epaminondae
1382 2627 1783 2693 retardavit·
1765 2651 1899 2693 im-

196 2743 420 2818 petus·
527 2731 730 2809 Nam,
793 2731 904 2793 nifi
969 2729 1110 2816 ejus
1179 2729 1490 2794 adventus
1550 2732 1901 2817 appropin-

197 2831 474 2920 quaffet,
505 2851 635 2894 non
667 2830 842 2918 prius
871 2828 1170 2894 Thebani
1200 2829 1431 2916 Sparta
1460 2829 1893 2910 absceffi'ffent,
1927 2883 1933 2888 .

199 2953 406 3019 quam
441 2943 697 3015 captam
727 2929 1028 2994 incendio
1057 2923 1381 2994 delessent.
1968 2925 1975 2931 ⁸

117 3067 166 3118 25
293 3032 424 3095 ΙΙΙ.
473 3030 626 3095 Fuit
677 3041 896 3094 autem
948 3043 1016 3094 et
1071 3030 1287 3094 animo
1336 3051 1605 3116 magne,
1641 3043 1709 3093 et
1746 3051 1893 3094 cor-

201 3153 386 3220 pore,
439 3130 974 3217 imperatoriaque
1032 3129 1263 3210 forma,
1314 3142 1391 3194 ut
1448 3130 1581 3216 ipso
1638 3130 1896 3217 aspectu

205 3231 416 3297 cuivis
443 3230 734 3318 injiceret
757 3230 1248 3294 admirationem
1277 3229 1371 3294 sui
1387 3255 1408 3311 3
1438 3231 1547 3296 sed
1574 3231 1639 3295 in
1673 3233 1896 3297 labore

205 3333 500 3398 remiffus
547 3332 762 3411 nimis,
817 3353 1173 3418 parumque
1219 3332 1495 3418 patienS,
1544 3345 1620 3399 ut
1668 3333 1892 3397 Theo-

208 3457 487 3521 pompus
531 3434 860 3497 memoriae
902 3432 1231 3518 prodiditt
1276 3435 1489 3499 bonus
1530 3455 1683 3499 vero
1714 3433 1895 3511 civis,

121 3575 177 3622 30
213 3535 468 3620 fideque
517 3555 779 3619 magna.
871 3533 1071 3598 Quod
1102 3555 1252 3598 cum
1285 3533 1351 3596 in
1384 3534 1525 3598 aliis
1554 3534 1747 3599 rebus
1778 3533 1894 3596 de-

213 3634 572 3715 claraverit,
597 3627 740 3698 turn
770 3633 1050 3698 maxime
1081 3633 1146 3698 in
1177 3634 1489 3722 Amyntae
1516 3634 1901 3699 Macedonis

1676 3735 1897 3800 liberie
