2587 4402
700 480 828 531 102
1309 482 1777 532 sensnum.

692 614 903 703 fupra,
926 614 1214 697 faffiofo,
1246 628 1316 681 et
1339 616 1444 682 his
1467 617 2183 705 temporibuepotente,
2207 618 2397 707 Age*

695 716 883 783 filaus
907 718 1231 782 antelatus
1260 718 1372 781 est.
1600 782 1606 787 .

782 820 875 884 ΙΙ.
924 819 1082 900 Hic,
1107 819 1289 884 fimul
1317 830 1512 907 atque
1537 818 1794 908 imperii
1823 820 2066 909 potitus
2095 822 2211 901 est,
2243 843 2392 907 per-

690 922 875 987 fuafit
922 920 1464 999 Lacedaemoniis,
1493 935 1572 988 ut
1607 924 1962 989 exercitum
2007 924 2396 990 emitterent

556 1053 563 1069 =
686 1022 761 1087 in
822 1022 1064 1102 Afiam,
1116 1022 1500 1110 bellumque
1546 1024 1714 1112 Regi
1760 1024 2086 1105 facerent3
2141 1026 2392 1091 docens
2425 1038 2454 1090 5

688 1124 881 1190 satius
910 1124 1031 1189 effe
1062 1124 1131 1189 in
1174 1124 1345 1206 Afia,
1378 1149 1572 1213 quam
1622 1127 1691 1191 in
1739 1129 1998 1215 Europa
2043 1116 2389 1196 dimicare.

688 1225 995 1315 Namque
1030 1226 1203 1292 fama
1250 1228 1492 1293 exierat
1537 1228 1962 1295 Artaxerxem
2011 1252 2394 1318 comparare

687 1328 965 1410 classem,
994 1328 1428 1416 pedestresque
1473 1332 1814 1411 exercitus,
1855 1354 2020 1419 quos
2065 1332 2136 1397 in
2193 1334 2390 1398 Grae-

686 1431 854 1496 ciam
882 1429 1192 1495 mitteret.
1276 1432 1453 1496 Data
1481 1432 1809 1519 potestate,
1839 1444 2022 1497 tanta
2051 1431 2391 1499 celeritate

684 1533 834 1599 usus
862 1534 973 1613 est,
1004 1543 1081 1596 ut
1109 1530 1287 1621 prius
1317 1531 1386 1595 in
1427 1532 1644 1597 Asiam
1695 1554 1848 1597 cum
1895 1532 2102 1620 copiis
2149 1553 2388 1620 perve-
2425 1555 2480 1590 1·

684 1620 883 1714 nerit,
924 1642 1119 1721 qu'am
1164 1631 1348 1720 regii‘
1376 1630 1632 1719 setrapoe
1681 1655 1835 1699 eum
1882 1633 2115 1699 scirent
2157 1636 2388 1722 profe-

609 1801 621 1814 ,
686 1734 887 1801 ctum.
982 1735 1137 1800 Quo
1182 1732 1429 1799 saelum
1473 1735 1583 1815 est,
1630 1747 1708 1800 ut
1755 1756 1984 1801 omnes
2027 1736 2388 1825 imparatos

682 1837 1243 1925 imprudentesque
1296 1838 1672 1903 offenderet.
1791 1838 1868 1903 Id
1927 1850 2004 1903 ut
2061 1842 2388 1926 cognovit

540 1946 552 1954 “
680 1938 1148 2026 Τίίῖὲρὴειτιθε,
1179 1938 1296 2026 qui
1338 1938 1665 2003 summum
1709 1937 2055 2025 imperium
2093 1952 2237 2005 tum
2269 1941 2380 2007 in-

681 2056 781 2107 ter
808 2040 1143 2129 praefestos
1170 2040 1454 2106 habebat
1472 2040 1713 2129 regios,
1739 2041 2031 2106 inducias
2051 2063 2090 2105 a
2111 2043 2378 2109 Laoene
2413 2066 2466 2119 ις

676 2142 932 2234 petivit,
974 2142 1271 2210 simulans
1314 2142 1380 2209 vse
1427 2140 1581 2208 dare
1628 2163 1916 2230 operam,
1945 2154 2027 2208 ut
2055 2143 2376 2211 lacedae-
2459 2237 2464 2240 -

676 2247 917 2312 moniis
944 2269 1096 2311 cum
1137 2247 1321 2332 Rege
1365 2245 1784 2325 conveniret3
1827 2265 1900 2309 re
1951 2259 2168 2312 autem
2219 2269 2376 2314 vera

673 2349 757 2414 ad
786 2349 1009 2437 copias
1038 2347 1543 2435 comparandas;
1589 2345 1820 2435 easque
1847 2347 2218 2434 impetravit
2247 2349 2372 2414 tri·

672 2439 956 2516 mestrem
1024 2450 1279 2515 Juravit
1309 2459 1528 2514 antem
1561 2459 1833 2536 uterque
1851 2447 1912 2512 se
1926 2448 2058 2514 fine
2083 2449 2242 2530 dolo
2259 2451 2369 2516 in·
2487 2449 2501 2466 ⁸

670 2551 895 2617 ducias
924 2553 1466 2617 conservaturum.
1539 2551 1618 2614 In
1647 2571 1777 2637 qua
1799 2549 2096 2638 pactione
2115 2551 2370 2618 summa
2399 2587 2460 2624 20

670 2653 801 2719 fide
833 2653 1060 2717 manfit
1092 2651 1471 2739 Agesilaus}
1515 2661 1740 2717 eontra
1787 2671 1884 2730 ea,
1915 2650 2367 2739 Tiffaphernes

666 2753 829 2820 nihil
860 2752 1059 2835 aliud,
1093 2773 1289 2840 quam
1330 2752 1604 2833 bellum,
1635 2753 2050 2840 comparavit.
2139 2755 2221 2820 Id
2249 2759 2365 2824 etii

662 2855 977 2922 sentiebat
1018 2857 1219 2935 Laco,
1268 2866 1488 2919 tamen
1531 2847 1994 2944 jusjurandum
2045 2853 2358 2940 servabat,

662 2959 1079 3046 multumque
1128 2958 1199 3023 in
1248 2959 1332 3022 eo
1382 2955 1683 3046 consequi
1729 2957 1794 3023 se
1830 2957 2130 3038 dicebat;
2175 2963 2358 3048 quod

658 3063 1108 3150 Tiffaphernes
1154 3063 1436 3152 perjurio
1475 3062 1590 3128 suo
1637 3073 1707 3127 et
1753 3062 2052 3128 homines
2087 3063 2218 3129 nais
2251 3087 2354 3130 re·
2386 3085 2444 3137 25

661 3165 789 3229 bus
838 3165 1250 3245 abalienaret,
1297 3170 1366 3229 'et
1403 3165 1582 3230 Deos
1631 3163 1744 3229 fibi
1773 3163 1972 3228 iratos
2011 3161 2351 3232 reddemtt

657 3265 992 3346 se'autem,
1020 3266 1262 3332 servata
1309 3267 1648 3356 religione,
1681 3267 2056 3334 confirmare
2097 3269 2349 3334 exerci-

654 3387 825 3451 tum,
860 3391 1013 3434 cum
1052 3369 1592 3434 animadverteret
1633 3372 1926 3436 Deorum
1959 3393 2205 3436 numen
2249 3373 2344 3438 fa-

654 3495 803 3539 cere
858 3470 1097 3550 secum,
1154 3469 1577 3558 hominesque
1635 3470 1748 3536 fibi
1801 3472 2128 3537 conciliari
2177 3475 2340 3538 ami-

651 3574 892 3655 ciores;
941 3573 1123 3664 quod
1149 3572 1229 3638 ii‘s
1260 3572 1508 3638 studere
1537 3571 1956 3656 consueffent,
1985 3596 2152 3664 quos
2181 3595 2338 3641 con·-
2372 3599 2434 3646 30

650 3673 893 3744 servare
920 3675 1115 3744 fidem
1142 3673 1458 3746 viderent.

1989 3777 2120 3844 111.
2166 3779 2332 3846 Post-
