2587 4402
614 418 737 489 ‘128
1236 440 1684 489 nucum«.

608 570 763 657 ipse,
793 570 1055 661 expulso
1082 572 1419 663 Dionyfio,
1449 573 1792 662 imperium
1821 572 2152 641 dimittere
2181 588 2302 640 nd-

607 673 758 742 luit.
846 676 999 741 Hoc
1028 674 1342 761 superate,
1371 676 1717 741 Timoleon
1745 675 2063 741 maxima-s-
2088 676 2306 763 copias

612 774 1233 865 Carthaginienfium
1266 776 1442 865 apud
1490 778 1872 845 Crimeffum
1921 780 2166 843 flumen
2195 776 2306 843 fu-

608 878 827 965 gavit3
866 900 941 945 ac
969 878 1117 943 satis
1148 878 1388 945 habere
1415 878 1656 967 coegi-t,
1687 878 1728 943 fi
1759 878 1984 943 liceret
2013 878 2309 945 Africam

608 978 928 1058 obtinere,
960 979 1075 1066 qui
1092 978 1233 1067 jam
1263 979 1630 1067 complures
1652 1001 1853 1046 annos
1875 980 2308 1068 poflseffionem
2325 999 2376 1053 25

612 1078 851 1144 Siciliae
919 1082 1249 1148 tenebant.
1365 1081 1560 1170 Cepit
1623 1081 1821 1146 etiam
1892 1083 2313 1147 Mamercum

612 1180 916 1247 Italicum
960 1180 1223 1263 ducem,
1273 1181 1608 1247 hominem
1660 1182 2041 1249 bellicosum
2083 1195 2152 1247 et
2185 1205 2312 1270 po-

609 1294 884 1365 tentem,
916 1285 1034 1372 qui
1062 1297 1372 1374 tyrannos
1399 1284 1694 1374 adjutum
1741 1285 1812 1351 in
1859 1285 2152 1355 Siciliam
2194 1296 2307 1355 v'e-

608 1397 813 1451 nerat-

699 1490 826 1553 ΙΙΙ.
876 1490 1136 1557 Quibus
1190 1490 1384 1557 rebus'
1443 1491 1777 1572 cmfed'tis,
1837 1514 1986 1557 cum
2049 1504 2312 1581 propter
2343 1520 2415 1557 ισ

609 1590 1115 1661 diuturnitatem
1162 1592 1322 1659 belli
1378 1616 1510 1658 non
1563 1593 1766 1661 solum
1819 1594 2150 1683 regioneS,
2199 1596 2310 1663 sed

608 1693 809 1758 etiam
846 1695 1039 1760 urbes
1087 1693 1362 1762 desertas
1401 1693 1672 1776 videret,
1704 1696 2109 1783 conquifivit,
2139 1719 2308 1783 quos

546 1838 551 1843 -
605 1797 848 1881 potuit,
896 1798 1178 1885 primurn
1226 1797 1522 1877 Siculos3
1574 1798 1808 1865 deinde
1851 1798 2176 1865 Corintho
2203 1822 2304 1865 ar·-

606 1898 851 1963 ceffivit
894 1899 1188 1981 colonos,
1238 1899 1418 1987 quod
1463 1901 1550 1965 ab
1589 1899 1696 1965 his
1744 1898 1934 1965 initio
1975 1902 2308 1987 Syracusae

608 2012 793 2065 erant
820 2000 1125 2067 conditae.
1212 2001 1484 2067 Civibus
1513 2001 1842 2066 veteribus
1869 2001 1979 2067 sua
2005 2002 2304 2083 restituit,
2341 2021 2395 2079 ¹⁵

608 2102 793 2169 novis
820 2102 999 2169 beno
1026 2101 1426 2192 vacuefaQS
1461 2102 1858 2189 poffeffiones
1887 2100 2138 2182 divifit3
2187 2126 2302 2169 ur·

605 2204 791 2270 bium
830 2205 1071 2270 moenia
1114 2204 1407 2293 disjeffl,
1445 2203 1722 2292 fana-que
1752 2203 1988 2284 deleta,
2029 2204 2300 2286 refecit3
2327 2196 2372 2246 ³⁴³

603 2307 979 2374 civitatibus
1034 2306 1217 2392 leges
1273 2304 1772 2391 libertatemque
1829 2303 2152 2369 reddidit:
2223 2326 2307 2374 ex

602 2408 895 2472 maximo
920 2407 1097 2478 bello
1142 2417 1396 2472 tantum
1441 2406 1656 2472 otium
1699 2403 1824 2470 toti
1870 2403 2092 2471 insulae
2139 2427 2302 2474 cou-

601 2507 873 2588 ciliavit,
902 2520 980 2573 ut
1006 2507 1117 2572 hic
1146 2507 1443 2574 eonditor
1471 2506 1732 2573 urbium
1761 2524 2006 2585 earum,
2039 2521 2174 2572 non
2201 2507 2303 2574 illi
2335 2530 2392 2570 ιο

601 2610 723 2696 qui
769 2609 959 2687 initio
994 2609 1416 2700 deduxerant,
1460 2609 1804 2676 videretur.
1892 2607 2138 2674 Arcem
2169 2611 2299 2698 Syr

600 2709 860 2790 racufis,·
878 2733 1101 2798 ,quam
1149 2711 1473 2776 munierat
1523 2709 1874 2797 Dionysius
1925 2709 2010 2780 ad
2065 2710 2302 2780 urbem

587 2813 1036 2896 obsidendam,
1067 2836 1108 2878 a
1132 2811 1568 2881 fundamentis
1597 2811 1856 2902 disjecit
1862 2837 1886 2894 3
1927 2825 2160 2878 eaetera
2185 2826 2300 2903 ty-

596 2915 885 2982 rannidis
920 2915 1408 3002 propugnacula
1449 2913 1800 2979 demolitus
1843 2914 1952 2993 est,
1983 2911 2300 3002 deditque

598 3039 888 3104 operam,
922 3029 997 3086 ut
1026 3037 1221 3103 quam
1252 3013 1526 3078 minime
1567 3013 1776 3078 multa
1804 3013 2074 3102 vestigia
2099 3013 2294 3082 servi-
2333 3041 2388 3096 ³5

594 3119 759 3186 tutis
803 3130 1159 3184 manerent:
1250 3119 1424 3206 Cum
1473 3117 1672 3183 tantis
1722 3115 1874 3180 effet
1918 3115 2176 3202 opibus,
2213 3132 2300 3188 ut

598 3220 795 3288 etiam
848 3218 1067 3286 invitis
1118 3220 1435 3307 imperare
1482 3241 1570 3306 po
1615 3231 1706 3298 et,
1762 3229 2019 3284 tantum
2071 3231 2298 3288 autem

596 3322 867 3388 haberet
910 3311 1195 3387 am'orem
1232 3320 1533 3387 omnium
1579 3318 1976 3400 Siculorum,
2006 3333 2084 3388 ut
2111 3323 2296 3397 nullo

594 3423 925 3502 recusante
968 3443 1247 3510 regnum
1292 3421 1639 3501 obtineret,
1685 3421 1920 3487 maluit
1961 3421 2029 3487 se
2075 3421 2290 3511 diligi,

592 3549 789 3616 quam
850 3527 1079 3596 metui.
1179 3528 1429 3611 Itaque,
1491 3548 1666 3595 cum
1702 3525 1986 3612 primum
2045 3529 2286 3614 potuit,
2323 3561 2381 3608 10

592 3631 935 3721 imperium
969 3627 1282 3718 deposuit,
1317 3639 1384 3694 et
1413 3627 1696 3715 privatus
1735 3629 2080 3796 syracusi?
2111 3631 2288 3716 quod

1957 3751 2026 3798 re
2055 3753 2284 3819 lquum
