2587 4402
561 419 629 486 Υἱ
1232 449 1671 496 PRAEFA‘rlo.

562 575 958 644 beili-civilis
1004 579 1259 645 historia
1293 581 1497 646 Attici
1546 574 1812 646 virtutes
1855 600 2077 666 parum
2110 576 2252 644 for-

563 676 714 741 taffe
768 679 1155 760 enituissent,
1190 695 1255 745 et
1304 682 1471 746 inter
1520 683 1846 746 annalium
1895 681 2094 748 libros
2141 682 2247 745 in-

563 779 796 844 cafl'um
844 782 1194 869 quaerenda
1244 784 1397 848 effet
1453 784 1782 872 Agricolae
1836 784 2076 871 imagO,
2131 783 2248 847 nifi

564 879 701 967 ejus
784 883 984 947 vitam
1057 885 1328 949 Tacitus
1402 887 1758 952 accuratius
1849 885 2250 972 depinxerat.

565 984 748 1050 Quid
778 987 957 1073 quod
984 987 1053 1051 in
1096 988 1310 1076 ampla
1337 1011 1546 1054 rerum
1587 988 1967 1068 narratione,
2000 988 2254 1052 infinita

562 1085 893 1152 aetionum
949 1090 1159 1170 serice,
1220 1103 1286 1154 et
1345 1089 1634 1177 exempla
1692 1111 1855 1177 pene
1909 1090 2251 1154 innumera

563 1209 693 1251 non
738 1201 870 1253 tam
913 1190 1215 1256 erudiunt
1264 1192 1578 1271 animum,
1621 1214 1814 1279 quam
1855 1191 2248 1270 distrahunt3

564 1291 769 1356 haeret
794 1314 1027 1378 anceps
1066 1293 1269 1357 imitor
1300 1293 1458 1380 quid
1483 1295 1786 1380 primum,
1819 1292 1978 1380 quid
2009 1293 2248 1358 deinde

564 1391 677 1456 fibi
708 1391 1094 1459 imitandum
1126 1408 1438 1480 proponat
1466 1419 1482 1457 ε
1532 1394 1570 1458 fi
1604 1394 1775 1458 enim
1810 1407 1910 1458 tot
1953 1393 2250 1479 personas

562 1493 853 1582 induere,
885 1508 985 1558 tot
1010 1494 1250 1560 dueum
1284 1494 1503 1560 similis
1531 1495 1651 1560 effe
1683 1495 1862 1574 vetit,
1887 1494 2252 1581 periculum

564 1596 675 1676 est,
706 1618 789 1661 ne
821 1596 937 1660 fibi
973 1595 1234 1661 tandem
1282 1595 1596 1660 diffimilis
1643 1595 1894 1676 evadat.
1989 1595 2256 1670 ReEtius

564 1698 784 1785 itaque
830 1719 1041 1762 mores
1088 1699 1171 1763 ad
1200 1698 1394 1762 unius
1441 1696 1788 1786 cujuspiam
1832 1696 1982 1786 vitae
2022 1718 2248 1762 exem-

562 1800 700 1888 plar
745 1789 1201 1887 confingin1u3‚
1246 1799 1433 1888 cujus
1483 1799 1808 1864 honestam
1855 1799 2254 1886 elegantiam

566 1903 799 1969 melius
827 1903 1045 1966 animo
1071 1903 1586 1989 complefissmur,
1618 1902 1773 1990 quia
1799 1902 2030 1989 optimi
2061 1903 2256 1968 instat

565 2004 878 2090 poematis
920 2003 1323 2090 fi‘mplicitate
1365 2003 1588 2090 pollet.
1678 2003 1951 2068 Facilius
1997 2005 2084 2068 ab
2120 2027 2256 2070 uno

564 2105 1060 2194 pulcherrimam
1113 2105 1370 2171 virtutis
1426 2103 1780 2193 imaginem
1829 2092 2248 2186 defun-liniue,

566 2232 761 2297 quam
816 2232 896 2273 ex
946 2207 1293 2295 multiplici
1351 2208 1517 2272 inter
1569 2206 1696 2273 sese
1737 2206 2249 2295 discrepantium

563 2312 774 2391 turbat,
804 2322 872 2375 et
922 2309 1154 2375 melius
1200 2308 1452 2373 fortaffe
1500 2308 1887 2395 Cytheream
1937 2308 2250 2396 depinxis-

559 2414 657 2477 set
682 2412 972 2499 ApelleS,
1006 2410 1051 2474 fi
1093 2410 1287 2475 unius
1326 2422 1576 2475 tantum
1609 2407 1842 2497 puellae
1871 2412 2252 2499 expreffifl'et

564 2516 883 2581 Veneres.
1433 2570 1438 2575 .
1827 2572 1836 2581 ,

652 2616 729 2681 Id
786 2616 989 2681 habet
1039 2615 1313 2681 vitarum
1360 2612 1623 2705 scripto?
1668 2636 1822 2679 eum
1867 2615 2096 2701 quovis
2141 2614 2248 2681 hi-

566 2719 789 2786 fiorieo
839 2740 1211 2798 commune,
1242 2717 1427 2803 quod
1468 2716 1634 2781 nihil
1682 2716 1862 2791 odio,
1897 2716 2058 2809 nihil
2093 2740 2246 2805 gra-

561 2821 672 2885 tiae
724 2820 987 2909 tribuat,
1020 2819 1207 2913 quod
1244 2817 1496 2883 veritati
1547 2840 1738 2903 quam
1790 2818 2070 2883 maxime
2120 2821 2248 2884 stu-

562 2904 747 2987 fleat:
792 2921 947 2987 licet
977 2921 1151 2987 enim
1196 2918 1506 3006 quispiam
1539 2920 1746 3006 pretio
1791 2919 2112 2985 addueius.
2138 2935 2246 3010 ty-

561 3046 832 3089 rannum
894 3022 1137 3103 laudet,
1195 3043 1326 3085 non
1387 3020 1536 3085 ideo
1591 3019 1765 3085 hunc
1817 3020 1984 3085 inter
2041 3022 2248 3087 bonos

561 3127 887 3215 principes
931 3146 1368 3203 numeramus,
1415 3121 1568 3209 quia
1611 3122 2076 3212 eondueiitium
2127 3148 2246 3189 na-

560 3232 703 3297 &us
758 3230 952 3295 fuerit
1002 3249 1412 3317 praeconem?
1472 3248 1590 3291 nec
1636 3226 1822 3291 illum
1863 3227 2032 3293 inter
2073 3229 2248 3314 opti-

559 3356 704 3397 mos
750 3330 1103 3409 historicos,
1155 3329 1312 3417 quia
1353 3328 1607 3415 regium
1662 3328 1968 3393 meruerit
2017 3329 2246 3415 stipen-

559 3434 765 3500 dium.
856 3432 931 3497 Id
976 3454 1127 3495 vero
1165 3431 1332 3495 vitas
1373 3429 1714 3515 exponenti
1761 3429 2086 3515 praecipue
2137 3432 2244 3495 in-

370 3580 382 3594 x
474 3608 481 3619 ¹
563 3535 839 3623 cumbit,
874 3546 947 3597 ut
992 3531 1293 3619 cujusque
1332 3529 1668 3621 ingenium
1714 3530 2091 3613 penitiflime
2128 3555 2244 3597 ex-

538 3635 795 3728 ¹plor-et,
840 3647 915 3721 ut
960 3632 1231 3699 intimos
1276 3630 1476 3721 animi
1521 3630 1786 3695 recess'us
1836 3630 2134 3713 rimetur,
2177 3646 2246 3701 et

2133 3757 2240 3802 m-
