2587 4402
803 471 807 476 ’
894 496 1396 543 timoratus.
1589 504 1632 575 ··
1903 490 1986 563 75

292 629 421 694 suis
450 628 674 695 fuerit.
763 628 939 695 Cum
967 629 1248 695 Athenis
1276 626 1789 695 adolescentulus
1830 652 1986 695 cau-

292 732 425 796 sam
470 731 740 811 diceret,
782 752 911 795 non
961 730 1165 795 solum
1214 730 1409 795 amici
1461 728 1821 817 privatique
1863 730 1990 794 ho-

290 833 489 919 spites
527 832 609 897 ad
646 854 803 897 eum
848 830 1332 898 defendendum
1379 842 1839 911 convenerunt,
1882 829 1993 897 sed

291 934 498 999 etiam
526 933 594 998 in
644 933 740 999 eis
768 932 963 998 Jason
1008 945 1344 1021 tyn-annua,
1379 932 1494 1019 qui
1535 932 1653 997 illo
1697 944 1992 1020 tempore

226 1046 259 1099 ⁵
292 1034 425 1099 fuit
454 1034 751 1099 omnium
788 1032 1277 1119 potentiffimuS.
1371 1034 1526 1112 Hic,
1577 1054 1727 1099 cum
1757 1034 1826 1098 in
1871 1056 1986 1121 pa-

290 1138 421 1201 tria
449 1136 583 1201 fine
615 1134 997 1201 satellitibus
1026 1134 1089 1201 se
1128 1146 1346 1201 tutum
1393 1156 1524 1197 non
1553 1136 1988 1215 arbitraretur,

290 1238 597 1303 Athenas
627 1237 753 1301 (ine
782 1234 919 1300 ullo
953 1233 1242 1322 praefidio
1270 1235 1448 1299 venit
1473 1260 1492 1314 ς
1539 1235 1834 1323 tantique
1865 1236 1988 1301 ho-

290 1339 529 1427 spitem
586 1337 765 1417 fecit,
824 1349 905 1407 ut
957 1334 1181 1401 mallet
1230 1335 1292 1401 se
1349 1336 1577 1424 capitis
1629 1338 1991 1423 periculum

288 1442 495 1522 adire,
530 1462 730 1527 quam
751 1438 1105 1505 Timotheo
1149 1438 1233 1503 de
1278 1436 1451 1503 fama
1498 1438 1833 1504 dimicanti
1872 1438 1989 1503 de-

204 1556 261 1590 ¹0
290 1542 443 1607 effe.
538 1543 737 1609 Hunc
779 1538 1073 1605 adversus
1114 1552 1336 1605 tamen
1363 1541 1750 1605 Timotheus
1781 1542 1990 1629 postea

286 1643 525 1733 populi
542 1642 715 1731 juss'u
757 1641 1003 1707 bellum
1032 1642 1255 1729 geffit3
1302 1642 1655 1729 patriaeque
1681 1642 1992 1709 sanfikiora

276 1747 465 1835 jura,
496 1768 693 1833 quam
721 1744 1007 1831 hospitii,
1038 1742 1161 1809 effe
1188 1743 1401 1807 duxit.
1492 1746 1658 1809 Haec
1705 1756 1992 1809 extrema

286 1849 426 1914 fuit
456 1861 615 1913 aetas
644 1848 1101 1933 imperatorum
1136 1844 1655 1925 Athenienfium,
1702 1846 1989 1933 Iphicra-

288 1953 406 2030 tis,
462 1950 791 2027 Chabriae,
842 1946 1222 2025 Timothei3
1280 1968 1490 2033 neque
1541 1948 1676 2034 post
1727 1948 1990 2015 illorum

208 2068 259 2119 ¹5
288 2054 558 2119 obitum
590 2050 923 2139 quisquam
952 2049 1085 2114 dux
1124 2048 1189 2111 in
1230 2047 1341 2113 illa
1389 2050 1545 2113 urbe
1590 2048 1719 2113 fuit
1751 2050 1989 2135 dignm

291 2152 639 2222 memoria.

934 3757 943 3764 ’
1076 3789 1129 3849 «ε
1164 3805 1204 3853 2
1594 3783 1784 3849 xlv.
1821 3779 1994 3847 DA<-
