2587 4402
902 437 1410 499 nicanoris,
1907 451 1988 519 43

302 580 473 664 creti,
506 595 774 671 totaque
812 585 1167 673 respublica
1199 585 1380 651 domi
1417 583 1704 672 bellique
1741 585 1996 666 tradita,

300 699 371 748 nt
406 686 595 750 unius
629 687 899 750 arbitrio
942 701 1299 774 gereretur,
1347 686 1570 774 etipse
1614 686 1991 773 postulass'et,

296 799 367 850 ut
413 787 547 851 duo
600 787 715 851 fibi
760 787 1032 875 collegae
1077 787 1402 868 darentur,
1441 786 1886 874 Thrasybulus
1930 799 1994 852 et

296 877 709 969 Adimantus,
742 913 953 976 neque
996 890 1067 955 id
1111 904 1423 980 negatum
1467 889 1638 970 esset,
1691 887 1876 954 claffe
1926 890 1994 955 in

240 993 501 1060 sAfiam
548 992 897 1078 profectuS,
930 993 1105 1080 quod
1150 992 1321 1080 apud
1355 993 1608 1078 Cymen
1656 992 1872 1056 minus
1917 1015 1997 1058 ex

290 1093 609 1158 sententia
636 1117 773 1158 rem
805 1095 1094 1181 gefferat,
1127 1095 1195 1158 in
1226 1093 1538 1158 invidiam
1569 1093 1819 1159 recidit.
1865 1095 1994 1158 Ni-

288 1193 379 1258 hil
410 1195 591 1259 enim
622 1217 774 1260 eum
806 1219 937 1260 non
980 1197 1230 1260 efficere
1260 1193 1429 1282 poffe
1459 1194 1802 1259 ducebant.
1894 1197 1996 1261 Ex

288 1317 413 1382 quo
444 1296 669 1376 fiebat,
700 1309 775 1360 ut
802 1298 1023 1362 omnia
1052 1296 1268 1362 minus
1315 1297 1608 1384 prospere
1650 1297 1826 1385 gesta
1855 1297 1996 1387 ejus

290 1399 497 1486 culpae
546 1399 933 1477 tribuerent,
984 1421 1133 1463 cum
1160 1421 1337 1462 -eum
1394 1409 1510 1462 aut
1559 1397 1991 1485 negligenter,

214 1514 395 1566 want
425 1500 745 1566 malitiose
785 1500 997 1567 fecifl'e
1036 1501 1479 1592 loquerentur,
1526 1500 1684 1566 ficut
1713 1513 1856 1566 tum
1882 1524 1993 1568 ac·

288 1603 485 1668 cidit:
536 1625 691 1668 nam
744 1614 1119 1690 corruptum
1168 1624 1209 1666 a
1254 1603 1438 1689 Rege
1479 1621 1707 1689 capere
1739 1602 1996 1690 Cymen

286 1705 555 1770 noluiss‘e
598 1706 981 1792 arguebant.
1072 1705 1304 1791 Itaque
1333 1701 1502 1795 ‘huic
1545 1702 1828 1768 maxime
1869 1725 1996 1791 pu-

284 1818 503 1872 tamus
546 1807 723 1871 malo
764 1803 947 1871 fuiffe
990 1795 1259 1869 nimiam
1305 1803 1678 1892 opinionem
1721 1805 1997 1893 ingenii,

286 1905 483 1997 atque
541 1908 824 1975 virtutiS.
912 1907 1297 1973 Timebatur
1347 1907 1520 1972 enim
1571 1929 1701 1972 non
1753 1908 1994 1990 minus,

212 2037 259 2089 ις
288 2034 483 2099 quam
516 2010 935 2098 diligebatur,
971 2031 1053 2074 ne
1092 2007 1374 2074 secunda
1402 2009 1679 2089 fortuna,
1711 2008 1998 2096 magnis·

288 2135 415 2200 que
474 2113 711 2200 opibus
767 2111 975 2177 elatus
1030 2111 1440 2200 tyrannidem
1495 2109 1998 2196 concupisceret.-

291 2216 557 2282 Quibus
604 2217 793 2281 rebus
830 2214 1074 2281 factum
1119 2217 1227 2296 est,
1256 2226 1334 2281 ut
1383 2211 1621 2279 absenti
1665 2213 1993 2300 magistra-

288 2330 430 2383 tum
458 2321 872 2407 abrogarent,
906 2330 974 2383 et
1000 2318 1199 2383 alium
1228 2318 1298 2382 in
1330 2317 1467 2405 ejus
1509 2317 1731 2382 locum
1769 2316 1993 2383 substi-

286 2432 568 2485 tuerent.
661 2420 738 2485 Id
768 2418 881 2485 ille
910 2432 985 2483 ut
1012 2418 1280 2499 audivit,
1312 2418 1580 2484 domum
1611 2419 1843 2483 reverti
1873 2440 1995 2484 no·

208 2560 261 2596 20
288 2522 436 2603 luit,
479 2535 549 2588 et
591 2524 653 2589 se
683 2521 1059 2588 Perinthum
1104 2521 1414 2603 contulit,
1447 2520 1668 2609 ibique
1717 2522 1842 2586 tria
1886 2543 2012 2586 ca·-

290 2626 465 2691 stella
492 2625 948 2705 communivit,
979 2626 1252 2705 Bornos,
1296 2624 1595 2713 Byziam,
1629 2624 1994 2713 Macronti-

288 2728 487 2806 chos;
562 2748 892 2814 manuque
949 2725 1221 2790 collecta
1289 2726 1536 2814 primus
1595 2726 1868 2791 Graeciae
1927 2726 1998 2790 in
2041 2742 2047 2748 ’

286 2828 635 2893 Thraciam
673 2827 947 2907 introiit,
977 2826 1314 2914 gloriosius
1358 2828 1722 2892 existimans
1763 2827 2000 2891 barba-³
2041 2862 2044 2869 ·

286 2952 503 3011 rorum
577 2930 797 3018 praeda
866 2928 1269 3016 locupletari,
1345 2950 1541 3015 quam
1624 2926 1993 2995 Graiorum.

144 3096 147 3101 .
209 3062 259 3116 ²5
291 3032 445 3097 Qua
488 3052 572 3095 ex
620 3052 689 3095 re
741 3043 1027 3095 creverat
1074 3051 1225 3094 cum
1280 3030 1474 3110 fama,
1504 3042 1650 3094 tum
1709 3030 1940 3118 opibus
1972 3054 1997 3112 ς

288 3154 726 3221 magnamque
754 3131 1105 3197 amicitiam
1134 3132 1248 3197 fibi
1279 3154 1432 3197 cum
1477 3132 1863 3217 quibusdam
1891 3155 1994 3197 re-

289 3236 485 3323 gibus
509 3234 805 3300 Thraciae
834 3240 1183 3317 pepererat.

358 3336 550 3399 VIII.
574 3334 811 3418 Neque
832 3342 1049 3395 tamen
1068 3352 1107 3393 a
1124 3330 1388 3397 caritate
1409 3335 1636 3421 patriae
1653 3334 1869 3421 potuit
1894 3342 1998 3399 re-i

294 3436 537 3501 cedere.
582 3436 784 3513 Nam,
806 3454 957 3498 cum
980 3432 1151 3519 apud
1171 3434 1382 3520 AEgos
1405 3436 1648 3499 flumen
1678 3434 1998 3502 Philocles

219 3533 1041 3627 ,mpraetorAthenienfium
1072 3532 1322 3599 claffem
1355 3534 1764 3599 constituisset
1791 3536 1996 3623 suam,

298 3660 501 3727 neque
536 3638 737 3725 longe
776 3636 1012 3703 abesset
1038 3636 1382 3725 Lysander
1423 3642 1656 3727 praetor
1684 3640 2004 3705 Lacedae-

1595 3744 1962 3816 moniorum
1974 3790 2000 3827 ,
