2587 4402
802 402 806 406 ’
914 406 1277 453 armeus·
1819 392 1936 477 167

246 534 433 601 mina
469 534 881 623 epistolarum
926 540 1007 603 ab
1052 540 1387 605 consulatu
1431 539 1572 627 ejus
1613 542 1814 629 usque
1865 542 1947 609 ad

246 649 617 702 extremum
655 650 913 724 tempus
954 640 1033 703 ad
1064 641 1364 705 Atti-cum
1396 640 1753 709 miffarumz
1801 664 1951 731 qun

244 739 367 826 -qui
394 740 605 827 legat,
638 761 769 803 non
802 742 1085 807 multum
1106 742 1416 809 defi-deret
1443 743 1767 809 historiam
1791 766 1952 809 con-

252 853 502 905 textam
548 840 807 905 illorum
864 856 1260 930 temporum.
1359 845 1466 908 Sic
1515 846 1692 909 enim
1733 846 1958 911 omnia

193 951 225 1007 5
254 942 337 1007 de
386 942 613 1007 studiis
660 944 1043 1030 principum,
1080 945 1255 1011 vitiis
1301 946 1570 1027 ducum,
1614 970 1690 1013 ac
1731 960 1952 1013 muta·-

254 1046 551 1110 tionibus
608 1046 883 1132 reipubl.
931 1047 1269 1134 perscripta
1309 1047 1480 1129 sunt,
1537 1062 1614 1115 ut
1663 1050 1830 1115 nihil
1881 1050 1954 1115 in

254 1147 363 1211 his
408 1168 546 1211 non
598 1159 935 1234 appareat3
1012 1160 1079 1213 et
1126 1148 1318 1213 facile
1362 1150 1721 1215 existimari
1747 1150 1958 1238 poffit‚

260 1247 677 1336 prudentiam
736 1249 1219 1334 quodammodo
1274 1250 1398 1317 effe
1466 1251 1954 1319 divinationem.

260 1350 417 1415 Non
465 1350 646 1414 enim
678 1349 907 1415 Cicero
936 1372 1013 1415 ea
1040 1349 1275 1431 solum,
1307 1371 1456 1439 quae
1482 1351 1631 1417 vivo
1678 1352 1741 1417 se
1783 1353 1954 1418 acci-

176 1464 237 1499 ¹0
266 1452 527 1531 derunt,
558 1452 780 1517 fut-ura
807 1452 1105 1540 praedixit
1127 1477 1148 1533 3
1194 1452 1302 1517 sed
1336 1453 1560 1534 etiam,
1592 1476 1738 1541 quae
1783 1474 1960 1520 nunc

262 1559 385 1623 usu
415 1558 713 1643 veniunt,
745 1558 987 1621 cecinit
1012 1568 1091 1625 ut
1116 1570 1319 1623 vates·

349 1660 580 1725 XVII.
626 1660 733 1723 De
766 1658 1005 1745 pietate
1044 1671 1263 1723 autem
1315 1658 1526 1723 Attici
1579 1657 1740 1747 quid
1779 1658 1964 1746 plura

266 1782 775 1827 commemorem
804 1763 827 1823 ?
875 1780 1029 1823 cum
1075 1758 1203 1824 hoc
1230 1759 1439 1847 ipsum
1474 1782 1624 1827 vere
1669 1760 1959 1849 glorian-

268 1877 405 1927 tem
437 1860 750 1926 audierim
781 1861 849 1925 in
893 1860 1119 1925 funere
1164 1860 1388 1927 matris
1427 1861 1579 1942 suoe,
1611 1885 1808 1951 quam
1846 1886 1963 1929 ex·-

182 1974 236 2027 15
259 1962 430 2029 tulit
457 1962 769 2027 annonam
816 1962 1193 2049 nonaginta,
1226 1986 1378 2029 cum
1407 1964 1576 2031 effet
1618 1965 1859 2053 septem
1901 1976 1970 2029 et

267 2062 621 2151 sexaginta,
650 2064 714 2127 se
752 2084 1093 2149 nunquam
1125 2085 1286 2128 cum
1337 2076 1542 2131 matre
1581 2067 1649 2129 in
1688 2066 1968 2153 gratiam

270 2163 545 2245 rediiffe,
596 2186 931 2251 nunquam
977 2186 1126 2230 cum
1160 2166 1370 2230 sorore
1412 2164 1592 2232 fuiffe
1633 2166 1704 2230 in
1747 2165 1968 2231 (imul-

272 2282 436 2348 tate,
498 2260 699 2356 quam
745 2289 945 2354 prope
1004 2267 1318 2354 aequalem
1376 2267 1676 2336 habebat.
1767 2267 1973 2334 Quod

274 2373 364 2437 est
391 2371 673 2460 signnm,
704 2381 819 2434 aut
848 2367 1097 2434 nullam
1124 2393 1412 2458 unquam
1444 2371 1611 2436 inter
1649 2391 1762 2434 eos
1805 2393 1971 2457 que-

188 2493 245 2528 20
276 2473 625 2540 rimoniam
680 2473 1102 2551 interceffiffe‚
1146 2484 1276 2538 ‹aut
1320 2474 1495 2538 hunc
1544 2495 1622 2538 ea
1671 2472 1853 2538 fuiffe
1903 2473 1974 2540 in

271 2575 887 2662 suos-induigentia,
920 2587 1021 2654 ut,
1052 2595 1215 2661 quos
1246 2597 1462 2640 amare
1485 2575 1773 2657 deberet,
1793 2576 1976 2644 irasci

273 2677 377 2742 eis
422 2675 602 2742 nefas
642 2676 932 2742 duceret.
1026 2673 1266 2760 Neque
1312 2675 1384 2740 id
1426 2675 1582 2742 fecit
1619 2690 1848 2742 natura
1871 2679 1974 2744 so-

276 2779 447 2858 lum,
480 2797 854 2865 quanquam
884 2797 1111 2840 omnes
1148 2775 1209 2840 ei
1254 2783 1579 2862 'pat-emus„
1626 2779 1736 2842 sed
1773 2779 1975 2842 etiam

276 2880 599 2945 -do6'trina-
687 2881 865 2942 Nam
912 2887 983 2941 et
1030 2876 1393 2963 principum
1443 2877 1976 2965 philosophorum

194 2995 249 3045 ²5
284 2981 377 3046 ita
412 2991 715 3068 percepta
752 2977 987 3042 habuit
1026 2991 1368 3064 praecepta,
1398 2993 1479 3044 ut
1523 2979 1603 3043 iis
1651 2979 1732 3044 ad
1778 2979 1980 3046 vitam

278 3077 628 3171 agendam,
661 3101 791 3144 non
822 3077 904 3142 ad
930 3079 1440 3160 ostentationem,
1473 3094 1782 3146 uteretur.

294 3234 302 3242 .
372 3183 631 3250 XVIII.
716 3181 926 3246 Moris
953 3179 1147 3244 etiam
1172 3179 1488 3268 majorum
1511 3181 1797 3246 summus
1827 3181 1982 3247 imi-

286 3297 459 3350 tator
495 3281 647 3362 fuit,
674 3279 1203 3368 antiquitatisque
1244 3293 1532 3345 amator:
1579 3305 1775 3369 quam
1819 3283 1982 3350 adeo

290 3385 643 3471 diligenter
672 3381 905 3446 habuit
948 3380 1307 3468 cognitam,
1353 3393 1430 3445 ut
1479 3403 1624 3446 eam
1673 3395 1882 3448 totam
1909 3383 1979 3448 in

204 3509 261 3555 30
294 3507 372 3549 eo
419 3483 751 3550 volumine
786 3480 1169 3567 exposuerit,
1200 3505 1335 3569 quo
1365 3483 1768 3574 magistratus
1795 3507 1984 3548 orna·-

293 3587 407 3654 vit.
499 3585 711 3652 Nulla
752 3583 927 3649 enim
977 3583 1107 3664 lex,
1140 3605 1355 3672 neque
1393 3606 1539 3672 paiz,
1572 3607 1786 3674 neque
1832 3586 1982 3650 bel-

1813 3685 1983 3768 lum,
