2587 4402
648 406 771 487 148
1191 440 1195 444 ·
1265 432 1706 479 HANMBAL.

643 551 853 621 versu's
887 558 999 645 jus
1046 559 1306 647 hospitii
1355 562 1548 627 esset:
1596 562 1732 649 ipfi,
1763 562 1802 627 fi
1843 561 2108 647 possent,
2139 582 2330 626 eom-

640 661 1147 747 prehenderent:
1196 664 1416 731 locum
1447 666 1558 729 ubi
1598 664 1748 729 effet
1795 664 1982 728 facile
2023 664 2328 728 inventu-

638 785 767 827 ros.
832 765 1159 831 Hannibal
1192 766 1365 831 enim
1393 788 1524 831 uno
1551 767 1702 830 loco
1731 765 1794 828 se
1823 765 2086 828 tenebat
2115 765 2180 827 in
2215 787 2326 828 ca-

638 864 837 943 stello,
892 865 1069 951 quod
1127 866 1188 931 ei
1240 869 1322 930 ab
1365 877 1522 952 rege
1563 866 1784 929 datum
1831 876 1966 928 erat
2023 866 2324 943 muneri3

636 965 833 1050 idque
862 966 944 1029 fic
976 966 1338 1045 aedificarat,
1377 982 1447 1033 ut
1486 968 1554 1030 in
1583 967 1886 1031 omnibus
1915 967 2206 1052 partibus
2234 990 2324 1029 ae-
2363 979 2394 1031 5
2456 998 2472 1005 -

634 1066 833 1131 dificii
883 1067 1094 1131 exitus
1146 1068 1438 1145 haberet,
1487 1069 1734 1153 semper
1781 1090 2028 1146 verenS,
2069 1089 2152 1131 ne
2207 1068 2328 1132 usu

635 1168 904 1248 veniret,
952 1168 1131 1255 quod
1180 1169 1441 1234 accidit.
1534 1171 1689 1233 Huc
1740 1191 1890 1233 cum
1945 1168 2148 1255 legati
2191 1171 2324 1233 Ro-

630 1292 973 1335 manorum
1038 1260 1368 1349 venifl'enss
1427 1294 1504 1335 ac
1569 1270 1989 1348 multitudine
2052 1270 2324 1333 domum

630 1370 770 1457 ejus
822 1371 1400 1451 circumdediffent,
1435 1394 1616 1456 puer,
1649 1374 1730 1435 ab
1761 1371 1966 1457 janua
2009 1372 2320 1456 prospici-

628 1496 765 1551 enS,
797 1473 1149 1538 Hannibali
1192 1473 1364 1537 ‘dixit
1405 1473 1616 1559 plures
1645 1478 1874 1557 praeter
1903 1472 2317 1537 eonsuetudi-
2363 1496 2419 1530 ιο

630 1598 778 1639 nem
828 1586 1105 1643 armatos
1148 1596 1469 1660 apparere.
1563 1574 1700 1638 Qui
1739 1574 2073 1659 imperavit
2119 1575 2202 1653 ei,
2242 1588 2322 1639 ut

628 1698 854 1741 omnes
918 1675 1086 1740 fores
1146 1676 1404 1739 aedificii
1464 1674 1853 1754 circumiret,
1915 1698 1988 1738 ac
2047 1698 2319 1761 propere

630 1777 741 1839 fibi
801 1759 1217 1853 renuntiaret,
1280 1798 1436 1839 num
1497 1776 1724 1840 eodem
1777 1777 1976 1839 modo
2021 1778 2318 1864 undique

626 1876 1041 1939 obsideretur.
1136 1878 1298 1939 Puer
1345 1898 1493 1939 cum
1547 1877 1863 1955 celeriter,
1923 1878 2080 1962 quid
2137 1880 2312 1958 effet,

623 1977 1054 2053 renuntiasset,
1088 1978 1434 2063 omnesque
1473 1979 1684 2042 exitus
1722 1993 2064 2065 occupatos
2104 1984 2311 2045 osten·
2355 1997 2409 2047 ¹5

623 2078 828 2157 disset,
862 2079 1041 2141 senfit
1072 2078 1137 2143 id
1168 2102 1295 2141 non
1328 2078 1594 2143 fortuito
1623 2079 1893 2159 factum,
1925 2082 2030 2145 sed
2061 2082 2122 2145 se
2153 2085 2310 2169 peti,

581 2182 593 2189 ’
626 2203 839 2268 neque
862 2180 973 2254 fibi
1002 2180 1245 2246 diutius
1274 2181 1470 2246 vitam
1503 2180 1623 2245 effe
1653 2182 2086 2248 retinendam:
2109 2209 2308 2272 quam

625 2307 708 2350 ne
749 2286 961 2350 alieno
1006 2285 1270 2350 arbitrio
1321 2285 1698 2364 dimitteret,
1729 2309 1981 2352 memor
2021 2289 2310 2375 pristina-

622 2409 767 2450 rum
814 2387 1153 2465 virtutum,
1202 2409 1547 2464 venenum,
1591 2387 1764 2474 quod
1807 2387 2051 2474 semper
2093 2389 2310 2455 secum

622 2487 861 2554 habere
892 2487 1320 2566 consueverat,
1353 2487 1628 2574 sumpfit.
2347 2514 2402 2547 ιο

708 2591 904 2653 XIII.
954 2589 1061 2662 Sic
1121 2589 1219 2655 vir
1271 2589 1664 2668 fortiffimuS,
1725 2591 1950 2656 multis
1997 2593 2310 2680 variisque

622 2688 1007 2776 perfunctus¹
1063 2689 1414 2768 laboribus»,
1463 2713 1632 2753 anno
1679 2693 2005 2778 acquievit
2055 2696 2306 2780 septua-

622 2791 889 2877 gesimo,
940 2791 1201 2854 Quibus
1226 2791 1601 2856 consulibus
1622 2793 1958 2872 interierit,
1991 2817 2120 2858 non
2145 2819 2306 2860 con-

618 2891 821 2957 venit.
868 2893 1047 2955 Nam
1076 2892 1363 2970 AtticuS,
1398 2894 1628 2956 Marco
1660 2893 1938 2958 Claudio
1969 2899 2308 2976 Marcelle,

623 2995 714 3060 Q.
775 2993 973 3056 Fabio
1022 2994 1326 3059 Labeone
1380 2993 1547 3058 Coff.
1603 3009 1930 3060 mortuum
1979 2999 2042 3061 in
2093 3001 2306 3062 annali
2343 3023 2394 3075 ις

619 3095 734 3158 suo
776 3095 1081 3180 scriptum
1129 3093 1428 3180 reliquit=
1499 3110 1566 3158 at
1595 3097 1900 3184 Polybius
1933 3102 2007 3162 L.
2036 3101 2307 3165 AErnilio

622 3196 843 3274 Paulo,
878 3209 945 3260 et
976 3197 1099 3260 Cn.
1134 3197 1358 3260 Baebio
1387 3197 1767 3282 Tamphilo:
1819 3200 2135 3286 Sulpitius
2183 3225 2304 3266 au-

584 3359 588 3365 .
618 3312 776 3376 tem,
812 3301 878 3362 P.
914 3298 1220 3362 Cornelio
1252 3298 1578 3384 Cetheg0‚
1609 3301 1710 3360 M.
1736 3302 1958 3363 Baebio
1986 3303 2304 3388 Tamphi-

556 3411 562 3426 ¹
618 3397 710 3463 10.
798 3399 1023 3485 Atque
1054 3398 1163 3462 hic
1192 3411 1411 3463 tantus
1449 3399 1562 3476 vir,
1597 3400 1915 3486 tantisque
1963 3403 2152 3466 bellis
2201 3404 2304 3467 di-

617 3500 887 3579 stricius,
922 3499 1215 3564 nonnihil
1236 3499 1540 3584 temporis
1556 3500 1790 3563 -tribuit
1817 3500 2044 3566 literis.
2091 3505 2300 3567 Nam·
2338 3533 2390 3583 3⁰

616 3626 747 3691 que
775 3605 1026 3692 aliquot
1052 3603 1189 3690 ejus
1217 3586 1362 3667 libri
1392 3602 1536 3666 sunt
1571 3603 1802 3668 Graeco
1827 3605 2112 3670 sermone
2142 3629 2300 3670 con..

597 3717 603 3722 '
2105 3707 2260 3772 fecii
2279 3734 2298 3770 z
