2587 4402
1413 1043 1533 1109 1V.

1110 1245 1797 1321 PAUSANIAS.

610 1514 667 1578 1.
714 1485 1255 1582 PAUSANIAS
1288 1515 1845 1596 lacedaemonium
1869 1539 2150 1605 magnus
2182 1519 2320 1586 ho-‘

608 1619 869 1697 mo‚sed
888 1617 1101 1684 varius
1122 1616 1188 1682 in
1204 1617 1388 1682 omni
1407 1639 1647 1704 genere
1666 1617 1816 1684 vitae
1839 1618 1989 1684 fuit.
2035 1621 2209 1686 Nam
2233 1638 2316 1690 ut

610 1721 959 1786 virtutibus
986 1718 1217 1799 eluxit,
1246 1718 1350 1796 fic,
1379 1718 1552 1783 vitiis
1579 1721 1670 1785 est
1705 1721 2002 1786 obrutus.
2095 1724 2315 1812 Cujus

606 1822 1085 1888 illustrissimum
1112 1821 1202 1886 est
1230 1819 1528 1909 praeliutit
1557 1821 1728 1908 apud
1751 1822 2039 1888 Plataeas,
2083 1825 2308 1891 Nam-

604 1947 736 2013 que
778 1926 895 1991 illo
935 1925 1105 1991 duce
1146 1925 1532 1990 Mardonius
1569 1925 1867 2013 Satrapes
1907 1928 2150 2016 regine,
2183 1951 2306 1996 na-
2347 1945 2378 1997 5

606 2029 785 2094 tione
834 2028 1100 2109 Medus,
1144 2027 1318 2115 regis
1355 2049 1580 2116 gener,
1624 2027 1692 2092 in
1737 2028 1962 2115 primis
2003 2019 2307 2099 omilium

606 2131 931 2198 Persarum
990 2142 1059 2196 et
1103 2151 1320 2219 *manu
1367 2129 1577 2212 fortis,
1635 2141 1706 2196 et
1749 2132 1996 2198 consilii
2045 2133 2304 2222 plenus,

603 2260 759 2303 cum
810 2235 1107 2303 ducentis
1150 2235 1444 2301 millibus
1483 2235 1804 2323 peditum,
1843 2260 2006 2324 quos
2059 2238 2305 2306 viritim

600 2340 874 2429 legerat,
904 2351 975 2405 et
1023 2339 1262 2427 viginti
1307 2338 1602 2405 millibus
1643 2339 1964 2426 equitum,
1997 2339 2172 2405 haud
2207 2341 2306 2408 ita

600 2465 840 2531 magna
888 2464 1091 2507 manu
1138 2440 1394 2507 Graecia
1427 2440 1692 2529 fugatus
1743 2442 1872 2523 est3
1919 2464 2130 2531 eoque
2170 2444 2304 2532 ipse
2345 2471 2410 2505 ιο

600 2543 734 2609 dux
762 2545 1001 2611 cecidit
1042 2542 1286 2633 praelio,
1377 2544 1535 2611 Qua
1557 2542 1826 2609 vietor-ia
1851 2543 2057 2609 elatus
2096 2546 2301 2632 pluri-

596 2669 709 2713 ma
778 2647 1045 2713 miscere
1102 2647 1327 2735 coepit,
1387 2660 1456 2713 et
1511 2648 1758 2734 majora
1821 2649 2296 2737 concupiscere.

598 2751 733 2818 Sed
775 2752 1079 2840 primum.
1104 2752 1173 2817 in
1218 2774 1303 2817 eo
1355 2754 1442 2817 est
1492 2751 1936 2839 reprehensuS,
1985 2754 2166 2841 quod
2215 2776 2300 2822 ex

594 2855 817 2942 praeda
843 2854 1167 2943 tripodem
1198 2874 1468 2919 aureum
1495 2852 1774 2941 Delphis
1800 2853 2120 2941 posuisset,
2151 2856 2295 2944 epi-

590 2970 955 3043 grammate
993 2954 1255 3043 scripto,
1290 2956 1362 3019 in
1395 2977 1528 3041 quo
1579 2968 1715 3019 erat
1754 2956 1896 3021 haec
1937 2955 2292 3027 sententia:
2339 2984 2400 3043 ις·

596 3059 716 3126 Sua
766 3062 950 3125 duda
1002 3060 1289 3124 barbaros
1340 3060 1512 3148 apud
1557 3057 1836 3124 Plataeas
1885 3062 1992 3148 ff
2047 3060 2292 3145 deletos,

588 3164 825 3252 ejusque
894 3163 1174 3229 viffloriae
1230 3186 1370 3249 ergo
1425 3160 1706 3250 Apollini
1766 3164 1984 3228 donum
2049 3166 2321 3253 dechffl„

591 3267 737 3331 Hos
781 3265 993 3331 versus
1043 3264 1522 3339 Lacedaemonii
1567 3265 2052 3353 exscalpserunt‚
2077 3290 2294 3355 neque

587 3369 766 3436 aliud
811 3368 1211 3455 scripserunt,
1240 3390 1437 3453 quam
1482 3366 1748 3442 nomina
1787 3390 2008 3432 earum
2055 3369 2290 3434 civita-

586 3484 757 3553 tum,
788 3494 1063 3560 quarum
1094 3469 1340 3535 auxilio
1372 3468 1572 3534 Persae
1602 3482 1784 3534 erant
1812 3469 1989 3537 viffl.
2323 3512 2392 3548 20

675 3574 769 3639 ΙΙ.
817 3576 957 3640 Post
985 3574 1059 3639 id.
1081 3571 1401 3660 praelium,
1427 3571 1708 3637 eundem
1740 3571 2104 3637 Pausaniam
2133 3595 2288 3640 cum

587 3673 773 3741 classe
816 3675 1154 3743 communi
1186 3674 1502 3764 Cyprum,
1545 3685 1740 3761 atque
1782 3673 2285 3764 Hellespontum

1665 3805 1673 3813 ·
2153 3802 2284 3844 tm-
