2587 4402
1423 935 1548 1002 XI.

998 1191 1007 1206 ,
1112 1109 1854 1192 IPHICRATES.

500 1447 503 1454 Ι
638 1365 710 1430 Ἰ.
743 1337 1291 1432 IPHICRATES
1321 1364 1730 1431 Atheniensis
1759 1385 1886 1430 non
1908 1377 2044 1428 tam
2065 1365 2352 1452 magni-

648 1471 879 1534 tudine
926 1491 1141 1534 rerum
1190 1469 1537 1556 gestarum,
1579 1489 1781 1556 quam
1825 1467 2156 1553 disciplina
2195 1469 2348 1533 mi·-

649 1569 823 1634 litari
868 1569 1247 1634 nobilitatus
1288 1568 1398 1632 est.
1488 1567 1639 1632 Fuit
1681 1569 1855 1633 enim
1881 1567 2032 1632 talis
2063 1568 2223 1646 dux,
2259 1582 2352 1634 ut

652 1693 784 1735 non
826 1671 1029 1735 solum
1061 1670 1269 1734 aetatis
1297 1669 1426 1734 suae
1463 1692 1617 1734 cum
1661 1670 1882 1757 primis
1921 1691 2346 1756 comparare-

652 1786 781 1852 tur,
834 1773 943 1837 sed
992 1795 1073 1837 ne
1120 1771 1203 1836 de
1244 1771 1598 1861 majoribus
1641 1785 1804 1836 natu
1843 1772 2106 1857 quidem
2152 1772 2423 1859 quis-¹5

651 1897 853 1962 quam
904 1873 1420 1960 anteponeretur.
1507 1871 1804 1937 Multum
1845 1895 1997 1938 vero
2037 1874 2104 1938 in
2157 1873 2350 1938 bello

652 1977 741 2039 est
771 1976 1073 2055 versatus,
1097 1974 1256 2060 saepe
1284 1973 1672 2038 exercitibus
1700 1973 1983 2059 praefuit,
2015 1974 2347 2061 nusquam

652 2078 849 2166 eulpa
869 2079 981 2144 sua
997 2078 1166 2144 male
1185 2098 1324 2142 rem
1353 2079 1559 2165 gestit,
1584 2076 1831 2162 semper
1855 2077 2114 2154 consilio
2144 2077 2344 2158 vicit3

630 2190 1039 2266 ‘tantumque
1080 2200 1163 2245 eo
1206 2179 1434 2260 valuit,
1478 2192 1558 2275 ut
1600 2179 1822 2246 multa
1850 2179 1918 2244 in
1959 2201 2030 2245 re
2070 2177 2346 2244 militari

654 2284 891 2369 partim
938 2304 1107 2347 nova
1146 2281 1457 2361 attulerit,
1505 2282 1738 2369 partim
1784 2281 2053 2345 meliora
2085 2280 2340 2346 feeerit.
2387 2317 2446 2352 ιο

656 2386 969 2470 Namque
1026 2382 1137 2447 ille
1190 2384 1497 2470 pedestria
1554 2405 1734 2447 arma
1794 2383 2095 2461 mutavit,
2155 2405 2344 2465 cum,

656 2496 810 2547 ante
838 2482 1022 2546 illum
1054 2483 1529 2569 imperatorem,
1556 2482 1858 2548 maximis
1885 2483 2170 2570 clypeis,
2187 2484 2345 2547 bre-

656 2583 848 2647 vibus
890 2584 1106 2662 hastis,
1148 2584 1418 2648 minutis
1463 2582 1697 2671 gladiis
1737 2596 2114 2649 uterentur:
2161 2584 2278 2649 ille
2305 2608 2349 2649 e

656 2686 980 2750 contrario
1006 2685 1245 2771 peltam
1275 2684 1392 2771 pro
1418 2708 1642 2771 parma
1669 2686 1850 2765 fecit,
1881 2709 1921 2750 a
1961 2708 2095 2773 qua
2128 2688 2351 2773 postea

658 2786 939 2875 peltastae
969 2786 1217 2872 pedites
1248 2786 1666 2873 appellantur,
1693 2799 1772 2851 ut
1801 2787 1884 2852 ad
1914 2800 2136 2852 motus
2177 2811 2344 2853 con-
2386 2826 2440 2879 ¹5

660 2889 999 2974 cursusque
1026 2886 1233 2957 essent
1276 2888 1567 2953 leviores.
1657 2889 1870 2953 Hastae·
1907 2889 2182 2955 modum
2214 2890 2344 2956 du-

657 2987 945 3074 plicavit,
978 2987 1231 3075 gladios
1275 2988 1626 3074 longiores·
1653 2988 1827 3052 fecit.
1919 2988 2101 3052 Idem
2131 3012 2346 3076 genus

538 3132 544 3141 ι
657 3089 1001 3154 loricarum
1044 3090 1345 3169 mutavit,
1385 3102 1452 3153 et
1489 3110 1603 3174 pro
1645 3088 1864 3153 ferreis
1907 3104 2106 3178 atque
2146 3093 2348 3157 aeneis

608 3178 625 3195 ⁵
658 3188 861 3252 lineas
916 3188 1120 3254 dedit.
1210 3192 1368 3257 Quo
1417 3190 1592 3254 facito
1633 3190 2058 3275 expeditiores
2099 3192 2346 3259 milites

661 3288 979 3355 reddidit:
1044 3312 1196 3353 nam
1246 3291 1530 3377 pondere
1573 3292 1885 3369 detra&0,
1933 3292 2114 3377 quod
2157 3317 2348 3381 aeque
2379 3333 2434 3367 20

661 3412 896 3476 corpus
924 3403 1195 3478 tegeret,
1226 3403 1295 3455 et
1321 3390 1462 3456 leve
1489 3392 1662 3471 effet,
1695 3392 1968 3457 curavit.

753 3494 843 3557 ΙΙ.
889 3491 1145 3558 Bellum
1190 3514 1343 3557 cum
1379 3492 1748 3558 Thracibus
1775 3492 2004 3579 geffit:
2053 3492 2346 3561 Seuthen

664 3592 908 3660 socium
980 3594 1469 3661 Atheniensium
1549 3594 1618 3661 in
1696 3615 1972 3685 regnum
2043 3596 2341 3661 restituit.

2145 3697 2346 3787 Apud
