2587 4402
922 421 1364 478 Lrsmnnnz
1895 403 1988 494 33

300 571 457 639 runt,
488 559 601 647 qui
630 561 1031 649 Lysandrum
1062 563 1450 641 accusarent,
1481 560 1657 648 quod
1691 560 1978 625 sacerdo-

296 674 387 725 tes
420 663 552 728 fani
593 687 1003 751 corrumpere
1044 679 1314 730 conatus
1361 664 1535 730 effet.
1623 664 1980 728 Accusatus

290 761 411 826 hoc
458 763 752 844 crimine,
782 765 1213 853 judicumque
1256 766 1584 832 absolutus
1625 764 1988 843 sententiis,

288 866 741 931 Orchomeniis
771 867 989 932 miffus
1013 869 1312 948 subsidio,
1343 869 1588 937 occisus
1616 869 1702 932 est
1734 891 1772 930 a
1797 867 1980 932 The-

232 981 257 1031 5
288 967 461 1032 banis
490 970 664 1056 apud
695 971 1085 1036 Haliartum.
1176 973 1395 1038 Quam
1439 995 1588 1036 vere
1632 971 1713 1036 de
1759 993 1838 1034 eo
1875 969 1975 1033 fo-

284 1083 379 1134 ret
419 1071 791 1158 judicatum
862 1073 1069 1138 oratio
1126 1074 1372 1139 indicio
1428 1073 1576 1152 fuit,
1637 1097 1782 1160 quae
1843 1073 1978 1158 post

286 1187 559 1238 mortem
593 1175 661 1236 in
692 1174 889 1238 domo
918 1173 1057 1261 ejus
1086 1189 1336 1262 reperta
1363 1176 1471 1254 est,
1504 1176 1569 1238 in
1603 1197 1730 1260 qua
1757 1171 1978 1237 suadet

286 1274 817 1355 LacedaemoniiS,
848 1288 948 1355 ut,
991 1277 1169 1364 regia
1196 1277 1499 1362 potestate
1551 1275 1863 1354 dissoluta,
1895 1296 1978 1338 ex

284 1377 587 1440 omnibus
614 1375 749 1439 dux
779 1375 1103 1463 deligatur
1144 1378 1227 1441 ad
1276 1377 1523 1442 bellum
1569 1377 1974 1464 gerendum3

208 1490 255 1524 ¹0
288 1477 385 1542 sed
413 1480 505 1543 ita
549 1478 801 1564 scripta,
832 1493 911 1543 ut
938 1481 1225 1543 Deorum
1258 1481 1578 1560 videretur
1621 1501 1977 1566 congruere

284 1579 639 1659 sententiae,
672 1603 869 1666 quam
909 1579 1020 1643 ille
1060 1579 1123 1643 se
1152 1579 1550 1660 habiturum,
1581 1581 1852 1667 pecunia
1896 1581 1972 1641 fi-

286 1681 463 1761 denS,
497 1705 631 1746 non
660 1681 1022 1746 dubitabat.
1114 1683 1306 1746 Hanc
1351 1682 1408 1746 ei
1453 1682 1739 1770 scripfiffe
1771 1681 1977 1746 Cleon

286 1782 792 1850 Halicarnasseus
823 1781 1085 1848 dicitur.

368 1887 487 1951 IV.
509 1885 737 1970 Atque
755 1883 1045 1948 hocloco
1074 1906 1203 1949 non
1235 1885 1320 1949 est
1340 1885 1847 1972 praetereundum
1881 1883 1976 1950 sa-

212 2007 257 2056 15
290 1985 459 2050 &um
490 1985 886 2050 Pharnabazi
915 1984 1167 2072 satrapis
1194 1987 1380 2074 regii.
1425 1987 1625 2066 Nam,
1659 2011 1806 2052 cum
1839 1989 1986 2076 Ly-‚

286 2085 499 2152 sander
528 2085 873 2172 praefeRus
903 2087 1101 2151 claffis
1130 2087 1197 2150 in
1240 2088 1417 2152 bello
1446 2088 1654 2152 multa
1693 2087 1975 2152 crudeli-

287 2199 379 2253 ter
414 2210 733 2275 avareque
774 2186 1039 2267 feciffet,
1068 2188 1277 2277 deque
1321 2188 1424 2254 his
1469 2189 1661 2255 rebus
1705 2188 1978 2276 suspica-

285 2304 455 2357 retur
483 2292 569 2357 ad
598 2292 771 2357 cives
796 2290 941 2356 suos
968 2292 1089 2357 effe
1116 2292 1464 2379 perlatum,
1495 2292 1684 2380 petiit
1714 2315 1752 2356 a
1781 2292 1978 2357 Phar-

286 2400 553 2478 nabazo,
581 2410 659 2463 ut
688 2396 771 2461 ad
816 2396 1095 2483 ephoros
1139 2396 1253 2462 fibi
1298 2396 1732 2461 testimonium
1774 2394 1980 2476 daret,

207 2526 257 2563 20
288 2512 527 2589 quanta
594 2498 926 2563 sanctitate
994 2496 1243 2574 bellum
1309 2498 1600 2587 gefliffet,
1659 2497 1986 2587 sociosque

283 2599 620 2679 tractafl‘et,
652 2598 864 2685 deque
892 2620 967 2663 ea
996 2620 1065 2663 re
1110 2612 1404 2664 accurate
1446 2599 1784 2665 scriberet:
1839 2623 1979 2664 ma-

282 2726 485 2789 gnam
518 2701 693 2765 enim
725 2700 863 2787 ejus
890 2700 1337 2765 auctoritatem
1370 2701 1434 2765 in
1465 2723 1543 2766 ea
1574 2724 1642 2766 re
1673 2702 1982 2767 futuram.

284 2804 461 2868 Huic
500 2802 615 2866 ille
655 2800 1006 2865 liberaliter
1047 2800 1414 2887 pollicetur,
1445 2802 1682 2867 librum
1721 2824 1986 2890 gravem

284 2907 510 2972 multis
554 2904 767 2969 verbis
810 2904 1192 2989 conscripfit,
1239 2906 1484 2993 inquo
1526 2905 1790 2969 summis
1834 2926 1988 2970 eum

206 3047 255 3099 25
284 3008 407 3073 fert
447 3006 775 3071 laudibus.
868 3006 1089 3071 Quem
1136 3026 1286 3071 cum
1337 3006 1610 3094 legisset,
1644 3007 1986 3093 probasset-

288 3134 437 3198 que,
468 3108 629 3173 dum
660 3107 1048 3195 obfignatur,
1094 3106 1364 3172 alterum
1404 3109 1540 3196 pari
1585 3110 1988 3197 magnitudi-

288 3236 391 3293 ne,
420 3225 497 3277 ut
520 3210 790 3275 discerni
816 3232 945 3274 non
976 3210 1194 3297 pofl'et,
1222 3210 1538 3299 signatum
1580 3212 1875 3301 subjecit,
1919 3213 1990 3278 in

293 3336 420 3401 quo
470 3311 930 3377 accuratiffime
976 3310 1113 3397 ejus
1157 3311 1486 3377 avaritiam
1531 3315 1992 3401 perfidiamque

294 3414 636 3480 accusarat.
725 3412 903 3476 Hinc
948 3410 1271 3499 Lysander
1317 3413 1588 3479 domum
1617 3436 1766 3479 cum
1795 3414 1990 3478 redis-

214 3549 269 3595 30
298 3518 407 3605 set²
438 3516 770 3604 postquam
798 3514 881 3578 de
922 3514 1047 3577 suis
1090 3515 1283 3580 rebus
1332 3517 1523 3602 gestis
1571 3514 1741 3601 apud
1785 3516 1992 3601 maxi-

298 3644 471 3687 mum
518 3618 985 3706 magistratum,
1017 3640 1167 3705 quae
1209 3617 1526 3697 voluerat,
1575 3618 1843 3699 dixerat,
1893 3633 1996 3683 te-

1064 3740 1105 3784 c
1140 3722 1181 3784 6
1723 3717 1999 3787 stimonii
