2587 4402
566 422 695 473 112
1210 427 1614 474 Buranun&-

567 556 715 623 nuit
740 558 871 623 hoc
914 558 1334 645 propofitum,
1367 573 1437 625 et
1485 562 1662 647 prius
1709 558 1797 626 in,
1823 555 2030 623 aciem
2075 570 2262 621 exet-‘2

568 659 777 724 citum
806 660 1051 739 eduxit,
1084 660 1512 749 praeliumque
1543 660 1882 740 commisit,
1913 680 2108 747 quam
2141 658 2268 721 mi-

570 762 719 827 lites
753 762 845 827 sui
872 762 1128 843 scirent,
1159 786 1314 829 cum
1363 766 1602 853 quibus
1650 786 1828 829 arma
1871 763 2264 828 conferrent.
2297 814 2310 825 .

573 862 809 928 Effecit
836 864 1029 929 etiam
1060 865 1227 931 illud
1256 866 1550 932 locorum
1579 865 2160 954 praeoccupatione,
2191 872 2271 927 ut

574 966 869 1051 equitatu
926 965 1143 1052 potius
1202 967 1560 1053 dimicaret,
1611 989 1744 1053 quo
1774 966 1936 1054 ,pl-us
1992 962 2268 1043 valebat,
2304 980 2333 1035 ς

576 1090 771 1155 quam
802 1067 1117 1152 peditatu,
1150 1090 1281 1153 quo
1313 1080 1450 1133 erat
1478 1069 1778 1134 deterior.

667 1171 791 1234 IV.
840 1170 1141 1235 Quorum
1186 1172 1500 1236 acerrimo
1545 1170 1879 1249 concursu,
1929 1190 2081 1234 cum
2127 1188 2272 1231 ma-

578 1292 785 1359 gnam·
812 1282 1059 1356 partem
1086 1272 1234 1365 Jdiei
1280 1273 1436 1337 effet
1478 1286 1867 1361 pugnatum,
1901 1270 2078 1335 cadit
2113 1270 2273 1333 Cra-

580 1373 949 1452 terusdux,
980 1386 1049 1437 et
1086 1374 1588 1459 Neoptolemus,
1617 1374 1731 1461 qui
1779 1371 2128 1437 secundum
2174 1370 2277 1433 lo·-

586 1496 739 1539 cum
770 1474 1019 1559 imperii
1036 1476 1339 1539 tenebat.
1429 1476 1601 1539 Cum
1631 1476 1760 1538 hoc
1789 1472 2120 1538 concurrit
2149 1470 2280 1557 ipse
2319 1500 2376 1535 ιο

586 1576 953 1665 Eumenes-⁵
1030 1575 1193 1653 Qui,
1224 1598 1376 1639 cum
1410 1576 1578 1639 inter
1601 1576 1665 1640 se
1695 1572 2013 1660 complexi
2045 1573 2112 1637 in
2145 1584 2278 1636 ter-

588 1684 731 1739 ram·
756 1698 837 1739 ex
866 1674 1051 1761 equis
1074 1675 1472 1756 decidifl'ent,
1505 1690 1582 1741 ut
1607 1676 1796 1741 facile
1825 1674 2104 1762 intelligi
2132 1673 2278 1760 pos-

572 1778 683 1841 ·set
712 1776 977 1841 inimica
1002 1788 1221 1841 mente
1250 1778 1662 1857 contendifl'e,
1696 1779 2042 1865 animoque
2071 1776 2284 1863 magis

576 1879 788 1943 etiam
836 1879 1159 1965 pugnaffe,
1200 1902 1398 1966 quam
1441 1901 1734 1966 corpore,
1779 1902 1912 1943 non
1959 1880 2134 1965 prius
2181 1878 2282 1943 di-

594 1980 801 2045 stracti
856 1979 1023 2057 sunt,
1080 2002 1279 2067 quam
1337 1979 1610 2045 altemm
1661 1981 1878 2045 anima
1927 1978 2281 2067 reliquerit.
2317 2004 2375 2056 ις

594 2082 707 2148 Ab
734 2080 1137 2168 hoc-aliquot
1157 2080 1368 2167 plagis
1389 2084 1719 2147 Eumenes
1741 2080 2134 2160 vulneratur,
2168 2100 2286 2143 ne-

596 2206 729 2271 que
756 2205 835 2248 eo
864 2181 1073 2268 magis
1104 2205 1183 2248 ex
1210 2182 1434 2269 praelio
1461 2172 1738 2264 exceffit,
1767 2182 1877 2248 sed
1921 2182 2128 2255 acrius
2161 2180 2287 2246 ho-

598 2285 794 2350 stibus
840 2283 1086 2348 institit.
1172 2281 1344 2365 -Hic,
1393 2285 1720 2371 equitibus
1751 2284 2137 2371 profligatis,
2183 2283 2289 2360 iri-,-

599 2384 871 2450 terfecto
898 2385 1065 2448 duce
1096 2385 1387 2464 Cratero,
1416 2385 1642 2450 multis
1679 2399 2007 2471 praeterea,
2039 2397 2109 2448 et
2147 2407 2289 2449 ma·-

582 2488 775 2554 .xime
794 2486 1148 2566 nobilibuS,
1172 2487 1402 2573 captis,
1431 2487 1716 2572 pedester
1733 2481 2088 2566 'exercitum
2114 2485 2294 2574 quod
2327 2517 2385 2553 ιο

582 2589 671 2652 ,in
702 2611 781 2654 ea
825 2589 973 2652 loca
1016 2599 1155 2653 erat
1204 2587 1546 2668 deductus„
1579 2600 1680 2669 ut,
1727 2590 1932 2654 invito
1973 2592 2316 2670 Eumenes

581 2691 773 2756 elabi
821 2712 953 2753 non
1002 2689 1225 2774 pofl'et,
1273 2711 1501 2775 pacem
1553 2691 1634 2756 ab
1687 2713 1768 2756 eo
1819 2691 2046 2778 petiit3
2095 2713 2296 2778 quam

602 2813 757 2858 cum
786 2790 1196 2878 impetrasset,
1226 2790 1295 2854 in
1325 2791 1451 2856 fide
1477 2815 1610 2858 non
1633 2794 1882 2874 mansit,
1911 2795 2086 2874 etse,
2112 2793 2302 2860 fimul

493 2930 499 2936 -
604 2907 682 2958 ac
724 2894 958 2980 potuit,
1009 2891 1093 2956 ad
1140 2891 1560 2980 Antipatrum
1612 2896 1881 2982 recepit.
1971 2899 2298 2962 Eumenes

582 2997 949 3062 ‚Craterum
994 3016 1079 3058 ex·
1121 2995 1259 3060 acie
1303 2995 1678 3060 semivivum
1727 2997 1968 3062 elatum
2013 3019 2299 3064 recreare
2335 3029 2390 3082 ²5

582 3098 871 3164 -studuit.
964 3097 1139 3162 Cum
1182 3096 1255 3160 id
1301 3119 1434 3160 non
1481 3096 1702 3183 pofl'et,
1731 3120 1850 3184 pro
1877 3099 2160 3164 hominis
2191 3101 2296 3165 di-

586 3199 885 3286 gnitate,
928 3221 1171 3286 proque
1216 3200 1472 3284 pristina
1513 3199 1802 3265 amicitia
1835 3206 2142 3288 (namque
2183 3203 2302 3267 isso

608 3300 759 3364 usus
806 3299 1364 3380 erat,·Alexandro
1407 3300 1580 3379 vive,
1625 3301 2046 3382 familiariter)
2083 3305 2302 3390 amplo

610 3403 837 3468 funere
882 3403 1142 3481 extulit,
1196 3401 1452 3487 ossaque
1494 3402 1562 3468 in
1609 3404 2068 3469 Macedoniam
2115 3407 2304 3471 uxori

610 3503 753 3590 ejus
782 3525 859 3568 ac
886 3503 1104 3568 liberis
1132 3503 1394 3570 remifit.
2336 3533 2398 3582 ³0

700 3605 786 3670 V.
832 3605 999 3670 Haec
1028 3602 1189 3670 dum
1224 3603 1400 3691 apud
1429 3604 1926 3694 Hellespontum
1961 3621 2301 3696 geruntur,

1975 3711 2304 3776 Perdiccas
