2587 4402
618 415 728 498 60,
1351 440 1580 488 9101«.

621 574 687 640 se
714 593 845 642 non
872 573 1027 640 odio
1054 571 1358 652 hominiS,
1385 574 1490 641 sed
1521 573 1650 639 suae
1669 571 1890 639 salutis
1917 571 2130 638 fecisse
2151 593 2344 638 cau-

619 673 708 740 sa.
799 676 1013 740 Postea
1040 697 1189 740 vero
1214 696 1410 763 quam
1439 674 1686 740 audivit
1713 697 1862 739 eum
1893 674 1962 738 in
1993 673 2350 760 Pelopon«

624 776 777 840 neso
816 797 1085 842 manum
1130 795 1523 862 comparare,
1555 775 1798 862 fibique
1823 773 2072 842 bellum
2105 773 2350 838 facere·

625 877 871 956 conari,
900 877 1145 942 Areten
1174 876 1410 942 Dionis
1445 899 1711 942 uxorem
1746 876 1857 941 alii
1887 887 2164 965 nuptum
2195 876 2345 940 de-

628 977 749 1058 dit,
782 977 1117 1064 filiumque
1144 977 1285 1066 ejus
1337 978 1418 1044 fic
1447 978 1704 1043 educari
1741 977 1946 1064 juffit,
1978 989 2056 1041 ut
2097 974 2346 1040 indul-
2387 992 2427 1046 ς

530 1093 537 1098 ’
628 1080 849 1168 gendo
920 1081 1285 1167 turpiffimie
1356 1081 1754 1146 imbueretur
1821 1079 2350 1166 cupiditatibus·
2411 1113 2424 1122 ·

626 1183 807 1248 Nam
834 1203 1063 1268 puer0,
1103 1181 1466 1269 priusquam
1511 1183 1716 1269 pubes
1751 1181 1926 1262 effet,
1964 1181 2170 1246 scorta
2199 1177 2348 1244 ad-

630 1283 1053 1362 ducebantur,
1083 1284 1241 1348 vino
1280 1281 1611 1371 epulisque
1655 1282 2073 1360 obruebatur,
2105 1301 2360 1368 neque-

630 1385 843 1452 ullum
882 1397 1137 1471 tempus
1180 1385 1390 1452 sobrio
1419 1385 1924 1473 relinquebatur.
2015 1385 2080 1447 Is
2123 1383 2378 1468 usque,

632 1509 713 1552 eo
742 1486 891 1550 vitae
940 1487 1164 1552 statum
1210 1497 1688 1551 commutatum
1715 1483 1880 1550 ferre
1911 1505 2040 1550 non
2079 1483 2342 1572 potuit,
2387 1507 2473 1543 1·-

632 1587 962 1676 postquam
1006 1586 1073 1650 in
1104 1586 1375 1674 patriam
1405 1587 1602 1652 rediit
1627 1598 1830 1674 pater,
1865 1590 2176 1674 (namque
2203 1608 2343 1673 ap-

634 1687 819 1775 pofiti
847 1699 1029 1752 erant
1066 1687 1384 1768 custodes,
1413 1687 1527 1776 qui
1569 1709 1724 1752 eum
1767 1711 1808 1752 a
1845 1686 2130 1774 pristino
2141 1687 2346 1753 viau

638 1792 1057 1874 deducerent)
1092 1805 1170 1856 ut
1198 1793 1261 1858 se
1288 1815 1330 1856 a
1355 1791 1672 1879 superiore
1698 1804 1878 1878 peste
1919 1791 2156 1856 aedium
2205 1791 2344 1856 de-

624 1892 877 1981 jecerit,
910 1906 1105 1980 atque
1134 1894 1229 1958 ita
1251 1893 1592 1960 interierit.
1702 1903 1706 1906 ’

682 1997 814 2060 V.
882 1994 1013 2059 Sed
1067 1995 1227 2060 illue
1286 2006 1590 2061 revertor.
1687 1997 2024 2084 Postquam
2081 1961 2336 2062 Corin-
2381 2009 2440 2064 15

639 2095 829 2160 thum
834 2089 1149 2188 pei-venit
1188 2095 1392 2177 Dion,
1423 2110 1495 2162 et
1521 2096 1752 2164 eodem
1789 2096 2074 2185 perfugit
2111 2099 2338 2162 Hera-

640 2194 869 2278 elideS,
896 2197 979 2263 ab
1020 2194 1249 2263 eodem
1292 2197 1588 2291 expulsus
1627 2198 1963 2287 Dionyin,
1993 2198 2128 2287 qui·
2153 2222 2337 2286 prae-

642 2299 851 2367 feaus
900 2299 1109 2365 fuerat
1164 2300 1486 2386 equitum,
1535 2301 1718 2367 omni
1773 2303 2022 2367 ratione
2075 2302 2342 2368 bellum-

643 2424 1009 2490 comparare
1048 2416 1408 2489 coeperunt.
1497 2404 1629 2469 Sed
1657 2425 1788 2468 non
1817 2403 2100 2470 multum
2133 2404 2336 2491 profi.»

644 2503 927 2585 ciebant,
946 2504 1123 2592 quod
1150 2504 1504 2571 multorum
1529 2526 1846 2571 annorum
1873 2505 2164 2594 tyrannis
2193 2528 2336 2571 ma-
2371 2530 2442 2568 ια

573 2680 581 2689 ,
642 2628 921 2694 gnarum
972 2629 1169 2695 opum
1221 2608 1586 2694 putabatur.
1679 2607 1900 2674 Quam
1947 2610 2036 2674 ob
2077 2606 2338 2675 causam

644 2707 835 2797 pauci
896 2710 979 2775 ad
1034 2709 1406 2775 societatem
1463 2708 1731 2797 periculi
1787 2710 2370 2800 perducebantur..

650 2812 779 2877 Sed
805 2812 1008 2893 Dion,
1028 2810 1233 2876 fietus
1256 2833 1388 2876 non
1411 2823 1548 2877 tam
1569 2812 1698 2877 suis
1719 2811 1944 2898 copiis,
1963 2834 2160 2899 quam
2181 2812 2341 2879 odio

647 2912 927 2999 tyranni,
957 2910 1243 2977 maximo
1270 2911 1511 2991 animo,
1535 2912 1793 2979 duabus
1817 2912 2122 2979 onerariis
2149 2912 2338 2979 navi-
2385 2963 2390 2965 -
2546 2976 2547 2979 ,

648 3013 801 3093 bue,
845 3012 1319 3102 quinquaginta
1353 3032 1668 3079 annorum
1701 3014 2069 3101 imperium,
2111 3014 2336 3079 muni-
2373 3041 2432 3095 ις
2545 3030 2547 3035 ’

651 3124 797 3179 tum
842 3114 1221 3201 quingentis
1260 3113 1476 3201 longis
1525 3114 1820 3194 navibus,
1869 3114 2096 3181 decem
2143 3116 2338 3204 equi-

651 3204 1111 3293 tum,eentu1n
1152 3214 1444 3302 peditum
1485 3215 1801 3295 millibus,
1825 3216 2168 3303 profeetne
2217 3238 2340 3304 op·-

652 3328 1040 3405 pugnatum,
1070 3317 1247 3403 quod
1272 3318 1578 3383 omnibus
1619 3318 1928 3405 gentibus
1957 3319 2342 3386 admirabile

656 3417 743 3494 est
785 3418 1012 3497 visum,
1060 3417 1235 3483 adeo
1270 3417 1460 3483 facile
1504 3418 1801 3506 perculit,
1845 3432 1922 3485 ut
1973 3422 2108 3507 post
2157 3420 2338 3485 diem

632 3520 945 3600 .tertium,
977 3540 1173 3607 quam
1202 3516 1488 3583 Siciliam
1509 3518 1830 3608 attigerat,
1863 3520 2248 3607 Syracusas
2229 3544 2335 3585 in·
2371 3551 2429 3600 3⁰

657 3620 931 3705 treierit.
1002 3624 1105 3689 Ex
1152 3641 1285 3709 quo
1339 3618 1618 3715 intelligi
1663 3623 1866 3709 potest
1911 3622 2161 3715 nullum
2213 3624 2338 3689 effe

716 3774 721 3779 .
2207 3726 2350 3792 im·-
