2587 4402
964 825 1281 893 VITA

533 1007 625 1081 T.
666 1008 1259 1085 POMPONII
1296 1009 1726 1095 ATTICI,

775 1207 883 1271 Ex
916 1207 1183 1273 camno
1212 1208 1472 1295 mpoee,

276 1427 331 1491 1.
366 1397 931 1492 POMPONIUS
974 1426 1263 1507 Atticae,
1303 1427 1388 1491 ab
1409 1458 1414 1463 ·
1436 1424 1687 1513 origine
1731 1424 1964 1492 ultima

210 1578 219 1591 .
272 1527 481 1615 stirpis
522 1530 829 1593 Romanae
877 1538 1245 1615 gener-atne,
1278 1538 1590 1613 perpetuo
1627 1550 1666 1591 a
1696 1526 1963 1615 majori·

270 1630 403 1694 bus
440 1640 769 1715 acceptam
814 1630 1165 1716 equestrem
1211 1628 1498 1693 obtinuit
1546 1628 1956 1716 dignitatem.

268 1730 465 1793 Patre
492 1730 643 1793 usus
670 1729 761 1793 est
786 1729 1125 1814 diligente,
1156 1728 1560 1816 indulgente,
1593 1744 1683 1808 et,
1713 1743 1790 1796 ut
1819 1742 1962 1797 tum

209 1854 239 1905 5
272 1842 463 1895 erant
496 1843 809 1916 tempora,
838 1830 984 1908 diti,
1016 1829 1454 1917 imprimisque
1496 1831 1774 1896 studioso
1808 1832 1961 1896 lite-

270 1954 517 1997 rarum.
609 1930 765 2010 Hic,
796 1942 985 2017 prout
1012 1928 1141 2016 ipse
1168 1933 1430 1995 amabat
1470 1932 1710 2012 literae,
1743 1934 1959 1997 omni-

164 2082 171 2091 .
274 2034 401 2097 bus
460 2032 798 2111 dochiani,
844 2031 1085 2118 quibus
1130 2031 1392 2117 puerilis
1448 2044 1602 2097 aetas
1649 2034 1964 2119 impertili

271 2132 497 2213 debet,
528 2131 732 2197 filium
772 2130 1070 2198 erudivit.
1156 2135 1314 2197 Erat
1353 2147 1571 2199 autem
1618 2135 1686 2198 in
1733 2154 1972 2222 puero,

275 2248 505 2320 praeter
532 2234 933 2299 docilitatem
962 2235 1231 2322 ingenii,
1250 2233 1503 2299 summa
1531 2235 1802 2300 suavitas
1834 2237 1968 2302 oris

184 2359 243 2394 ιο
274 2359 351 2402 ac
380 2335 583 2414 vociS,
612 2349 691 2400 ut
720 2357 847 2399 non
894 2336 1097 2400 solum
1144 2335 1440 2402 celeriter
1479 2337 1784 2424 arriperet
1814 2359 1968 2423 quae

272 2438 720 2517 tradebantur,
746 2436 858 2501 sed
880 2437 1103 2524 ‚etiam
1151 2437 1551 2503 excellenter
1588 2439 1964 2524 pmnnntia-

278 2556 397 2606 ret.
492 2542 649 2606 Qua
689 2563 876 2606 exre
926 2541 993 2604 in
1042 2542 1330 2627 pueritia·
1367 2541 1604 2606 nobili-s
1636 2543 1837 2622 inter·
1867 2565 1960 2607 ae-

276 2643 499 2730 quales
570 2642 915 2720 ferebatur,
986 2641 1340 2727 clariusque
1411 2643 1962 2729 explendescebat,

276 2765 471 2828 quam
510 2743 793 2828 generosi
838 2740 1265 2826 condiscipuli·
1306 2743 1524 2805 animo
1573 2767 1762 2830 aequo
1800 2745 1964 2810 ferre

188 2868 243 2919 ¹5
274 2837 543 2930 peffent.
634 2843 859 2927 Itaque
918 2841 1239 2905 incitabat·
1284 2865 1510 2906 ornnes
1567 2845 1769 2908 studio
1822 2845 1962 2912 suu.

278 2945 439 3009 Quo
468 2945 843 3007 innumero
868 2941 1131 3005 fuerunt
1162 2943 1658 3029 L.Torquatu8,
1691 2946 1772 3009 C.
1807 2945 1963 3011 Ma-

274 3045 408 3108 rius
458 3047 541 3109 C.
588 3043 779 3122 filiun,
826 3045 927 3106 M.
976 3043 1244 3122 Cicer03
1292 3065 1456 3129 quos
1500 3045 1963 3113 consuetudine

274 3147 387 3210 sua
414 3147 499 3211 fic
528 3145 643 3210 {ibi
686 3145 997 3224 devinxit,
1030 3157 1105 3208 ut
1134 3167 1329 3209 nemo
1355 3144 1433 3210 iis
1481 3162 1788 3235 perpetuo
1816 3149 1959 3216 fue-

276 3248 360 3310 rit
384 3248 617 3312 carior.
1947 3255 1952 3266 '

187 3375 247 3409 20
366 3353 459 3415 ΙΙ.
509 3353 696 3414 Pater
728 3361 980 3414 mature
1010 3350 1269 3414 deceffit·
1290 3376 1326 3414 ι·
1355 3351 1486 3440 i'pse
1515 3353 1957 3422 adolescentu-

276 3451 401 3531 luS,
449 3464 703 3537 propter
744 3450 1129 3515 affinitatem·
1164 3453 1241 3516 P.
1268 3453 1560 3540 Sulpicii,
1591 3456 1705 3543 qui
1749 3457 1956 3524 tribu-

184 3576 197 3594 ⁴
277 3575 403 3617 nus
430 3553 606 3638 pleb.
641 3549 1019 3616 interfectus
1060 3552 1170 3629 est,
1205 3573 1335 3616 non
1365 3575 1586 3640 expers
1615 3555 1741 3620 fuit
1781 3557 1960 3624 illius

274 3653 571 3738 periculi.
654 3651 963 3738 Namque
992 3651 1226 3716 Anicia
1266 3656 1602 3742 Pomponii
1629 3657 1955 3724 consobri-

498 3780 505 3790 ·
1049 3773 1099 3815 Η
1121 3771 1163 3840 5
1876 3781 1960 3828 na
