2587 4402
640 446 765 536 158
1056 440 1062 447 ’
1297 468 1586 517 Ara-mu
1599 469 1662 517 s..

626 599 739 677 ris.
830 600 983 668 Qua
1008 597 1079 667 in
1119 620 1191 667 rc
1232 622 1366 667 non
1409 600 1616 667 solum
1645 598 1953 689 dignitati
1986 600 2340 685 serviebat5

625 700 737 767 sed
762 701 957 769 etiam
977 702 1458 790 tranquillitati,
1479 724 1632 769 oum
1658 702 2042 790 suspiciones
2059 727 2338 793 quoque

623 804 855 873 vitaret
906 804 1252 873 criminum
1284 830 1302 871 ε
1357 826 1490 893 quo
1541 806 1758 887 fiebat,
1803 818 1884 875 ut
1923 806 2062 893 ejus
2109 808 2332 873 obser-

624 908 841 975 vantia
890 908 1193 974 omnibus
1236 908 1390 975 effct
1427 909 1654 989 carior,
1693 930 1848 978 cum
1889 931 2034 977 eam
2081 911 2328 992 officio,

624 1030 753 1075 non
778 1011 1021 1091 timori,
1054 1032 1265 1099 neque
1284 1010 1437 1098 spei,
1457 1012 1657 1079 tribui
1683 1011 1999 1079 viderent.
2361 1030 2388 1083 Ι

707 1113 869 1177 VII.
915 1112 1159 1179 Incidit
1187 1113 1614 1182 Caesarianum
1641 1112 1832 1179 civile
1859 1112 2140 1194 bellum,
2163 1136 2326 1181 cum

620 1211 893 1279 haberet
921 1234 1125 1279 annos
1165 1215 1426 1302 circiter
1461 1214 1813 1303 sexaginte.
1903 1214 2076 1280 Usus
2107 1217 2200 1281 est
2229 1240 2322 1282 ae-

618 1310 775 1381 tatis
826 1314 1188 1397 vacatione,
1244 1338 1458 1403 neque
1500 1316 1564 1383 sc
1601 1338 1938 1404 quoquam
1981 1316 2197 1383 movit
2241 1340 2324 1385 ex

616 1414 804 1481 urbe.
894 1416 1067 1481 Quae
1104 1416 1330 1483 amicis
1359 1416 1484 1481 suis
1511 1434 1675 1503 opus
1711 1416 1968 1483 fuerant
1993 1416 2076 1483 ad
2115 1420 2318 1484 Pom-

612 1516 833 1603 peium
854 1516 1424 1604 proficiscentibus,
1455 1518 1682 1583 omnia
1695 1539 1780 1583 ex
1804 1517 2000 1585 suare
2016 1516 2320 1586 familiari
2357 1547 2412 1583 ιο

614 1618 797 1685 dedit
822 1644 842 1683 x
886 1618 1096 1706 ipsum
1126 1620 1508 1707 Pompeium
1553 1636 1686 1685 non
1723 1620 1996 1707 j'unssus
2025 1642 2158 1688 non
2205 1621 2314 1688 of-

611 1723 841 1789 fendit.
906 1723 1191 1795 Nullum
1218 1724 1394 1789 enim
1423 1726 1508 1791 ab
1540 1748 1622 1791 eo
1651 1724 1932 1791 habebat
1957 1748 2316 1793 ornamen-

612 1836 783 1904 tum,
816 1836 893 1889 ut
920 1826 1160 1905 caeteri,
1196 1825 1311 1913 qui
1355 1848 1468 1913 per
1505 1848 1655 1891 eum
1703 1838 1819 1891 aut
1859 1826 2164 1907 honoreS,
2195 1842 2317 1895 aut

612 1924 896 2005 divitiae,
932 1940 1237 2012 ceperant
1262 1950 1285 2007 3
1353 1948 1632 2015 quorum
1673 1926 1908 2013 partim
1955 1927 2316 1995 invitiffimi

616 2029 817 2093 castra
842 2028 986 2092 sunt
1015 2026 1239 2111 secuti,
1270 2029 1510 2115 partim
1550 2028 1804 2093 summa
1843 2050 1998 2093 cum
2033 2029 2174 2118 ejus
2205 2031 2308 2096 of·
2348 2059 2398 2111 ¹1

613 2128 895 2195 fcnfione
916 2128 1093 2195 domi
1124 2130 1586 2197 remanserunt.
1625 2130 1836 2195 Attici
1865 2144 2090 2198 autem
2108 2134 2304 2221 quies

612 2245 947 2321 tantopere
998 2233 1230 2300 Caesari
1279 2233 1406 2299 fuit
1454 2247 1666 2323 grata,
1727 2246 1803 2298 ut
1863 2234 2093 2316 victor,
2149 2259 2305 2302 cum

610 2317 885 2424 privatis'
902 2335 1203 2422 pecunias
1252 2358 1366 2422 per
1409 2337 1704 2424 epistolas
1747 2337 2114 2424 imperaret,
2144 2337 2304 2404 huic

609 2458 742 2502 non
772 2438 981 2503 solum
1008 2438 1306 2502 molestus
1335 2461 1466 2503 non
1493 2439 1711 2518 fuerit,
1743 2439 1851 2504 sed
1891 2441 2091 2506 etiam
2122 2439 2298 2506 soro-

608 2537 699 2604 ris
742 2539 951 2603 filiurn
994 2551 1064 2604 et
1096 2539 1185 2604 Q.
1220 2540 1604 2606 Ciceronem
1633 2561 1714 2604 ex
1751 2541 2042 2627 Pompeii
2091 2543 2299 2608 castris
2333 2564 2390 2600 ιο

608 2639 1003 2706 concefferit.
1094 2639 1203 2704 Sic
1261 2653 1478 2706 vetere
1533 2641 1822 2706 instituto
1868 2642 2018 2707 vitae
2067 2645 2300 2732 effugit

610 2764 777 2808 nova
806 2742 1113 2828 pericula.
2173 2797 2182 2800 -

690 2845 889 2912 VIII.
926 2845 1239 2908 Secutum
1264 2843 1354 2908 est
1378 2843 1567 2925 illud,
1595 2845 1808 2910 ocoifo
1839 2846 2112 2928 Caesare,
2141 2869 2297 2913 cum

603 2946 879 3034 respubl.
928 2967 1125 3033 penes
1174 2946 1413 3010 Brutos
1467 2945 1796 3012 videretur
1841 2947 1966 3012 effe
2023 2960 2094 3014 et
2135 2949 2294 3015 Cas-

606 3051 790 3130 fium,
820 3071 897 3114 ac
928 3062 1068 3114 tota
1112 3047 1339 3112 civitas
1369 3048 1431 3112 se
1457 3037 1538 3112 ed
1587 3071 1740 3113 eum
1779 3051 2158 3116 convertiffe-
2191 3052 2290 3118 vi·-
2324 3075 2380 3129 ις

606 3151 888 3229 deretur,
936 3149 1017 3212 fic
1072 3150 1177 3212 M.
1216 3149 1424 3214 Bruto
1467 3147 1618 3214 u‘sus
1667 3151 1776 3231 est,
1827 3163 1906 3216 ut
1953 3151 2136 3218 nullo
2179 3152 2292 3219 ille

601 3251 969 3318 adolescens
1016 3250 1244 3335 aequali
1272 3249 1680 3330 familiarius,
1711 3273 1910 3338 quam
1935 3253 2070 3318 :hoc
2095 3255 2246 3322 isene
2268 3281 2287 3320 ε

602 3373 817 3440 neque
867 3349 1073 3416 solum·
1111 3373 1261 3414 eum
1311 3349 1664 3438 principem
1715 3354 1959 3418 consilii
1994 3355 2288 3438 haberet,

595 3453 707 3520 sed
733 3451 928 3518 etiam
959 3449 1025 3516 in
1056 3449 1379 3516 conviRu.
1466 3453 1928 3540 Excogitatum
1959 3456 2116 3522 esta
2135 3459 2287 3545 qui-

597 3556 894 3638 busdam,
950 3565 1028 3620 ut
1076 3553 1392 3642 privatum
1434 3553 1726 3620 serarium
1775 3557 2040 3622 Caesaris
2079 3561 2285 3626 inter·-
2319 3583 2376 3631 3⁶

601 3658 955 3726 sectoribus
1008 3657 1089 3724 ab
1138 3654 1470 3744 equitibus
1505 3657 1712 3725 Rom.
1753 3660 2282 3730 constitueretur.
