2587 4402
660 457 792 528 224
1121 463 1388 512 VARIAE
1419 465 1888 514 LEo'rlomzs·

1170 700 1268 758 IN
1309 699 1823 758 HANNIBALE.

738 829 869 889 MS.
898 831 1069 889 Cant.
1098 829 1314 888 nullam
1345 828 1492 886 inter
1514 827 1692 886 vitam
1719 824 2067 886 Hamilcaris
2093 835 2152 884 et
2180 825 2346 884 Han-

658 911 863 972 nibalis
886 909 1139 987 agnoscit
1160 907 1596 967 distinctionem.

742 994 778 1026 ‘¹'
854 991 1041 1059 tdetur,
1076 991 1209 1064 138.
1242 989 1362 1062 10.]
1405 988 1670 1046 videretur
1695 988 1822 1045 Lib.
1854 995 1973 1064 opt.
2007 987 2202 1044 Boecl.

743 1069 1106 1144 Confirmavit,
1140 1071 1273 1144 138.
1312 1069 1433 1143 14]
1477 1070 1606 1127 MS.
1637 1069 1976 1146 conservavit.

742 1156 779 1192 ὓ
806 1151 959 1209 Adiit
1003 1171 1192 1228 regem,
1244 1167 1377 1226 139.
1409 1149 1491 1228 7.]
1537 1147 1672 1208 adiit
1699 1147 1775 1207 ad
1807 1168 1974 1226 regem
2015 1147 2189 1206 MSS.
2221 1147 2346 1206 Sav.

660 1231 847 1289 Boecl.
869 1231 1022 1289 Voff.
1043 1235 1113 1291 A.
1132 1232 1199 1290 B.
1220 1231 1289 1288 C.

741 1316 779 1351 ‘³¹'
804 1311 1086 1391 Simulque,
1122 1328 1253 1387 139.
1286 1309 1410 1386 18.]
1459 1309 1633 1369 Simul
1654 1329 1732 1367 me
1759 1309 1929 1368 MSS.
1961 1306 2126 1366 Lei-d.
2155 1307 2346 1366 Boecl.

656 1389 811 1449 voff.
839 1395 913 1450 Α.
938 1393 1008 1452 Β.
1038 1392 1142 1450 Ed.
1171 1392 1301 1452 col.

740 1472 916 1540 Diem,
953 1490 1086 1549 139.
1120 1471 1245 1546 22.]
1286 1471 1417 1528 MS.
1443 1480 1675 1529 aetatem.

739 1553 961 1624 AEtate‚
996 1571 1128 1629 139.
1162 1549 1291 1628 29.]
1347 1552 1476 1610 MS.
1507 1551 1663 1608 addit
1690 1567 1799 1627 qua
1825 1546 2068 1609 diximus.

739 1632 907 1698 Bello,
940 1651 1072 1706 140.
1103 1630 1195 1704 6.]
1239 1631 1553 1689 omittitur
1580 1631 1641 1688 in
1666 1629 1833 1688 MSS.

740 1717 777 1752 ὓ
806 1714 1070 1772 Neminem
1101 1712 1201 1790 nffi
1232 1713 1452 1781 vidum,
1489 1728 1624 1787 140.
1659 1707 1786 1786 13.]
1811 1709 2217 1770 stamineam
2257 1713 2346 1772 vi-

655 1795 795 1851 Hum
820 1794 981 1850 Leid.

738 1878 779 1914 ⁴*
809 1873 1122 1950 Trargfittem,
1160 1889 1291 1946 140.
1329 1871 1448 1943 1³.]
1479 1871 1698 1948 trarfitu
1725 1872 1870 1952 Cod.
1898 1880 2010 1932 vet.
2047 1891 2084 1930 a
2121 1872 2344 1934 Schott.

656 1952 799 2030 insp.
832 1952 990 2012 Leid.
1018 1973 1099 2013 m.
1127 1953 1285 2011 Voss.
1319 1953 1391 2011 A.
1417 1952 1486 2011 B.
1512 1951 1587 2010 Ο.
1617 1953 1726 2010 Ed.
1754 1951 1943 2012 Boecl.

745 2033 997 2100 Ornatus,
1032 2051 1164 2108 140.
1199 2031 1328 2104 20.]
1358 2033 1450 2092 Ita
1477 2029 1672 2090 Gifan.
1696 2031 1956 2100 correxit,
1983 2052 2156 2110 quem
2189 2031 2344 2110 sequ.

656 2113 922 2172 Lambin.
976 2114 1107 2172 MS.
1144 2127 1403 2180 oneratus,
1443 2123 1617 2190 atque
1657 2111 1738 2170 ita
1776 2113 1991 2173 Schott.
2061 2116 2148 2172 At
2189 2115 2350 2173 Geb-

656 2195 817 2253 hard.
870 2195 1035 2253 malit
1073 2207 1322 2265 ornatu53
1371 2192 1637 2271 jumenta
1676 2191 1852 2262 enim,
1895 2192 2108 2271 inquit,
2125 2193 2346 2254 —dorsu-

657 2277 791 2342 aria,
832 2286 897 2333 ut
924 2275 1124 2333 carneli
1150 2284 1209 2333 et
1235 2274 1402 2344 muli,
1441 2286 1734 2341 onerantur,
1757 2274 2046 2351 elephanti
2086 2294 2222 2333 vero
2261 2296 2346 2333 or-

655 2366 873 2425 nantur,
901 2364 1213 2421 armantur,
1239 2366 1298 2411 et
1323 2354 1554 2413 armatis
1583 2354 1910 2431 implentur.

739 2434 1067 2503 Rhodanum,
1101 2454 1233 2509 140.
1261 2432 1392 2509 23.]
1435 2434 1554 2491 Alii
1584 2435 1807 2492 malunt
1837 2434 2072 2493 Pucinum
2101 2435 2346 2513 [Galliae

657 2514 733 2572 sc.
768 2515 1071 2593 Cisalpina
1108 2512 1280 2589 fluxu]
1327 2534 1513 2591 neque
1549 2514 1703 2571 enim
1745 2514 1942 2591 Polyb.
1985 2534 2172 2591 neque
2211 2516 2345 2575 Liv.

658 2615 839 2671 neque
878 2596 1027 2655 Flor.
1060 2594 1414 2653 tradiderunt
1453 2595 1518 2652 P.
1547 2594 1792 2655 Cornel.
1832 2596 1983 2675 Scip.
2031 2595 2162 2654 cos.
2209 2616 2344 2655 cum

657 2676 981 2733 Hannibale
1005 2676 1075 2733 ad
1104 2673 1728 2752 Rhodanumconflixzffl.

738 2758 834 2814 De
858 2754 1123 2832 Clcfiidiffi
1155 2773 1289 2829 140.
1321 2773 1355 2811 2
1360 2752 1451 2832 5.]
1499 2754 1764 2812 Lambin.
1794 2753 1892 2812 hic
1915 2755 2137 2833 aliquid
2172 2756 2356 2815 deeffe

657 2844 843 2913 putat,
881 2846 939 2894 et
977 2836 1193 2912 legend.
1233 2854 1334 2892 non
1387 2834 1534 2912 longe
1573 2855 1610 2891 a
1655 2833 1933 2910 elffiidio:
1991 2836 2104 2906 sed,
2150 2836 2348 2915 inquit

658 2917 921 2974 Courtin.
954 2915 1101 2973 nihil
1135 2915 1229 2973 hic
1262 2914 1430 2984 deest,
1458 2914 1549 2971 sed
1585 2914 1740 2971 locus
1775 2914 1997 2974 videtur
2024 2918 2218 2994 potius
2245 2939 2344 2976 ex·

659 2997 993 3073 plicandus3
1036 2994 1157 3055 soil.
1184 2998 1402 3053 Iterum
1439 2994 1738 3052 Hannibal
1775 3012 1910 3053 cum
1949 2997 2208 3074 Scipione
2243 2999 2343 3057 de—

660 3087 855 3147 certat,
884 3088 951 3135 ut
977 3076 1187 3134 videret
1223 3075 1341 3137 utri
1383 3073 1682 3150 Clqfficfium
1717 3076 1954 3143 cederet,
1996 3077 2135 3153 quia
2171 3078 2344 3156 oppi·
2363 3132 2384 3139 -

656 3159 798 3215 dum
826 3168 945 3215 erat
966 3164 1033 3214 ut
1059 3156 1233 3214 tradit
1252 3156 1386 3215 Liv.
1427 3154 1598 3214 XXI.
1626 3154 1726 3229 48.
1763 3176 1880 3233 quo
1920 3177 2190 3235 magnam
2221 3159 2343 3217 fru-

658 3239 841 3295 menti
884 3238 1107 3313 copiam
1134 3236 1386 3294 Romani
1411 3234 1807 3311 congefl'erant,
1837 3245 2005 3315 atque
2041 3238 2166 3295 ideo
2205 3258 2341 3296 cum

658 3318 921 3395 Scipione
947 3316 1237 3376 Hannibal
1256 3318 1327 3374 de
1354 3316 1620 3374 Clastidio
1637 3316 1902 3386 decernit,
1921 3319 2058 3392 quia
2077 3317 2342 3376 futurum

659 3399 789 3455 effet
828 3397 1066 3455 maximi
1093 3396 1390 3464 momenti,
1417 3398 1457 3453 si
1485 3396 1805 3453 alterutrius
1831 3398 2085 3473 partibus
2109 3398 2341 3457 cesserit.

656 3479 817 3537 Nam
860 3498 1051 3537 revera
1095 3478 1217 3553 post
1257 3496 1513 3554 pugnam
1562 3476 1632 3535 ad
1675 3477 1891 3534 Padum
1935 3477 2074 3535 fluv.
2109 3496 2180 3535 ex
2227 3498 2342 3555 qua

659 3560 954 3617 Hannibal
1001 3558 1183 3617 νὶἇὶοι·
1224 3557 1475 3626 disceffit,
1523 3556 1673 3613 mifit
1707 3557 1894 3615 statim
1937 3558 2018 3615 sui
2065 3559 2342 3617 exercitus

655 3648 877 3717 partem
922 3640 993 3698 ad
1046 3638 1324 3717 oppidum
1379 3638 1524 3696 illud
1581 3638 1992 3717 occupandum,
2042 3638 2181 3715 qnia
2219 3636 2342 3779 {pse

2247 3738 2342 3777 ru-
