<?xml version="1.0" encoding="UTF-8"?>
<!DOCTYPE html PUBLIC "-//W3C//DTD XHTML 1.0 Transitional//EN"
    "http://www.w3.org/TR/xhtml1/DTD/xhtml1-transitional.dtd">
<html xmlns="http://www.w3.org/1999/xhtml" xml:lang="en" lang="en">
 <head>
  <title>
</title>
<meta http-equiv="Content-Type" content="text/html;charset=utf-8" />
  <meta name='ocr-system' content='tesseract 3.04.00' />
  <meta name='ocr-capabilities' content='ocr_page ocr_carea ocr_par ocr_line ocrx_word'/>
</head>
<body>
  <div class='ocr_page' id='page_1' title='image "./corneliinepotis30nepogoog_0092.png"; bbox 0 0 2587 4402; ppageno 0'>
   <div class='ocr_carea' id='block_1_1' title="bbox 620 398 1608 514">
    <p class='ocr_par' dir='ltr' id='par_1_1' title="bbox 620 398 1608 514">
     <span class='ocr_line' id='line_1_1' title="bbox 620 398 1608 514; baseline 0.002 -26"><span class='ocrx_word' id='word_1_1' title='bbox 620 425 705 490; x_wconf 82' lang='lat'><strong>62</strong></span> <span class='ocrx_word' id='word_1_2' title='bbox 841 398 851 409; x_wconf 52' lang='lat'><em>⁶</em></span> <span class='ocrx_word' id='word_1_3' title='bbox 996 505 1001 514; x_wconf 36' lang='grc'><em>,</em></span> <span class='ocrx_word' id='word_1_4' title='bbox 1355 410 1608 490; x_wconf 45' lang='lat' dir='ltr'><strong>mou}</strong></span> 
     </span>
    </p>
   </div>
   <div class='ocr_carea' id='block_1_2' title="bbox 530 573 2422 3604">
    <p class='ocr_par' dir='ltr' id='par_1_2' title="bbox 619 573 2342 871">
     <span class='ocr_line' id='line_1_2' title="bbox 621 573 2341 666; baseline -0.001 -22"><span class='ocrx_word' id='word_1_5' title='bbox 621 577 757 644; x_wconf 81' lang='lat' dir='ltr'><strong>riis.</strong></span> <span class='ocrx_word' id='word_1_6' title='bbox 828 575 1029 644; x_wconf 79' lang='lat' dir='ltr'><strong>Quod</strong></span> <span class='ocrx_word' id='word_1_7' title='bbox 1072 573 1322 641; x_wconf 66' lang='lat' dir='ltr'><strong>dietum</strong></span> <span class='ocrx_word' id='word_1_8' title='bbox 1367 585 1610 663; x_wconf 70' lang='lat' dir='ltr'><strong>magna</strong></span> <span class='ocrx_word' id='word_1_9' title='bbox 1662 573 1904 640; x_wconf 78' lang='lat' dir='ltr'><strong>invidia</strong></span> <span class='ocrx_word' id='word_1_10' title='bbox 1969 575 2341 666; x_wconf 77' lang='lat' dir='ltr'><strong>consecuta·</strong></span> 
     </span>
     <span class='ocr_line' id='line_1_3' title="bbox 620 674 2330 764; baseline -0.001 -21"><span class='ocrx_word' id='word_1_11' title='bbox 620 681 747 744; x_wconf 85' lang='lat' dir='ltr'><strong>est:</strong></span> <span class='ocrx_word' id='word_1_12' title='bbox 812 699 1091 764; x_wconf 86' lang='lat' dir='ltr'><strong>namque</strong></span> <span class='ocrx_word' id='word_1_13' title='bbox 1130 675 1435 762; x_wconf 75' lang='lat' dir='ltr'><strong>aperuisse</strong></span> <span class='ocrx_word' id='word_1_14' title='bbox 1476 674 1836 753; x_wconf 80' lang='lat' dir='ltr'><strong>videbatur,</strong></span> <span class='ocrx_word' id='word_1_15' title='bbox 1869 675 1934 740; x_wconf 88' lang='lat' dir='ltr'><strong>se</strong></span> <span class='ocrx_word' id='word_1_16' title='bbox 1975 677 2198 742; x_wconf 86' lang='lat' dir='ltr'><strong>omnia</strong></span> <span class='ocrx_word' id='word_1_17' title='bbox 2241 678 2330 742; x_wconf 83' lang='lat' dir='ltr'><strong>in</strong></span> 
     </span>
     <span class='ocr_line' id='line_1_4' title="bbox 619 777 2342 871; baseline -0.002 -23"><span class='ocrx_word' id='word_1_18' title='bbox 619 785 730 849; x_wconf 87' lang='lat' dir='ltr'><strong>sua</strong></span> <span class='ocrx_word' id='word_1_19' title='bbox 756 781 1063 868; x_wconf 83' lang='lat' dir='ltr'><strong>potestate</strong></span> <span class='ocrx_word' id='word_1_20' title='bbox 1104 778 1225 843; x_wconf 85' lang='lat' dir='ltr'><strong>effe</strong></span> <span class='ocrx_word' id='word_1_21' title='bbox 1268 777 1460 871; x_wconf 73' lang='lat' dir='ltr'><strong>velle.</strong></span> <span class='ocrx_word' id='word_1_22' title='bbox 1533 779 1726 842; x_wconf 88' lang='lat' dir='ltr'><strong>Hanc</strong></span> <span class='ocrx_word' id='word_1_23' title='bbox 1768 777 1882 842; x_wconf 84' lang='lat' dir='ltr'><strong>ille</strong></span> <span class='ocrx_word' id='word_1_24' title='bbox 1923 798 2053 840; x_wconf 90' lang='lat' dir='ltr'><strong>non</strong></span> <span class='ocrx_word' id='word_1_25' title='bbox 2099 778 2342 844; x_wconf 80' lang='lat' dir='ltr'><strong>lenire·</strong></span> 
     </span>
    </p>

    <p class='ocr_par' dir='ltr' id='par_1_3' title="bbox 530 877 2402 1153">
     <span class='ocr_line' id='line_1_5' title="bbox 530 877 2322 970; baseline -0.004 -19"><span class='ocrx_word' id='word_1_26' title='bbox 530 895 549 912; x_wconf 85' lang='lat'><strong>·</strong></span> <span class='ocrx_word' id='word_1_27' title='bbox 618 884 949 970; x_wconf 81' lang='lat' dir='ltr'><strong>obsequie,</strong></span> <span class='ocrx_word' id='word_1_28' title='bbox 978 881 1087 946; x_wconf 89' lang='lat' dir='ltr'><strong>sed</strong></span> <span class='ocrx_word' id='word_1_29' title='bbox 1116 879 1461 945; x_wconf 81' lang='lat' dir='ltr'><strong>acerbitate</strong></span> <span class='ocrx_word' id='word_1_30' title='bbox 1489 879 1848 967; x_wconf 82' lang='lat' dir='ltr'>opprimere</span> <span class='ocrx_word' id='word_1_31' title='bbox 1871 877 2134 956; x_wconf 88' lang='lat' dir='ltr'><strong>studuit,</strong></span> <span class='ocrx_word' id='word_1_32' title='bbox 2157 881 2322 944; x_wconf 88' lang='lat' dir='ltr'><strong>He-</strong></span> 
     </span>
     <span class='ocr_line' id='line_1_6' title="bbox 617 979 2402 1070; baseline -0.002 -20"><span class='ocrx_word' id='word_1_33' title='bbox 617 985 1079 1070; x_wconf 86' lang='lat' dir='ltr'><strong>raclidemque,</strong></span> <span class='ocrx_word' id='word_1_34' title='bbox 1110 1005 1264 1047; x_wconf 88' lang='lat' dir='ltr'><strong>cum</strong></span> <span class='ocrx_word' id='word_1_35' title='bbox 1303 981 1641 1068; x_wconf 79' lang='lat' dir='ltr'>Syracusas</span> <span class='ocrx_word' id='word_1_36' title='bbox 1679 979 1963 1059; x_wconf 77' lang='lat' dir='ltr'><strong>venisset,</strong></span> <span class='ocrx_word' id='word_1_37' title='bbox 1995 979 2318 1048; x_wconf 81' lang='lat' dir='ltr'><strong>interfici·</strong></span> <span class='ocrx_word' id='word_1_38' title='bbox 2364 1001 2402 1054; x_wconf 73' lang='grc' dir='ltr'><strong><em>ς</em></strong></span> 
     </span>
     <span class='ocr_line' id='line_1_7' title="bbox 617 1086 1156 1153; baseline -0.007 0"><span class='ocrx_word' id='word_1_39' title='bbox 617 1088 859 1153; x_wconf 88' lang='lat' dir='ltr'><strong>endum</strong></span> <span class='ocrx_word' id='word_1_40' title='bbox 888 1086 1156 1150; x_wconf 86' lang='lat' dir='ltr'><strong>curavit.</strong></span> 
     </span>
    </p>

    <p class='ocr_par' dir='ltr' id='par_1_4' title="bbox 595 1183 2422 2791">
     <span class='ocr_line' id='line_1_8' title="bbox 700 1183 2318 1253; baseline -0.001 -1"><span class='ocrx_word' id='word_1_41' title='bbox 700 1189 861 1252; x_wconf 87' lang='lat' dir='ltr'><strong>VII.</strong></span> <span class='ocrx_word' id='word_1_42' title='bbox 894 1186 1095 1253; x_wconf 81' lang='lat' dir='ltr'><strong>Quod</strong></span> <span class='ocrx_word' id='word_1_43' title='bbox 1114 1185 1358 1250; x_wconf 67' lang='lat' dir='ltr'><strong>fastum</strong></span> <span class='ocrx_word' id='word_1_44' title='bbox 1383 1184 1688 1248; x_wconf 82' lang='lat' dir='ltr'><strong>omnibus</strong></span> <span class='ocrx_word' id='word_1_45' title='bbox 1717 1183 2074 1248; x_wconf 76' lang='lat' dir='ltr'><strong>maximum</strong></span> <span class='ocrx_word' id='word_1_46' title='bbox 2103 1184 2318 1250; x_wconf 87' lang='lat' dir='ltr'><strong>timo-</strong></span> 
     </span>
     <span class='ocr_line' id='line_1_9' title="bbox 612 1285 2316 1379; baseline -0.002 -22"><span class='ocrx_word' id='word_1_47' title='bbox 612 1313 749 1357; x_wconf 87' lang='lat' dir='ltr'><strong>rem</strong></span> <span class='ocrx_word' id='word_1_48' title='bbox 776 1290 1024 1379; x_wconf 87' lang='lat' dir='ltr'><strong>injecit.</strong></span> <span class='ocrx_word' id='word_1_49' title='bbox 1088 1289 1312 1354; x_wconf 87' lang='lat' dir='ltr'><strong>Nemo</strong></span> <span class='ocrx_word' id='word_1_50' title='bbox 1339 1287 1538 1365; x_wconf 87' lang='lat' dir='ltr'><strong>enim,</strong></span> <span class='ocrx_word' id='word_1_51' title='bbox 1562 1285 1676 1350; x_wconf 91' lang='lat' dir='ltr'><strong>illo</strong></span> <span class='ocrx_word' id='word_1_52' title='bbox 1715 1286 2081 1367; x_wconf 60' lang='lat' dir='ltr'><strong>interfeEiO,</strong></span> <span class='ocrx_word' id='word_1_53' title='bbox 2103 1287 2166 1352; x_wconf 86' lang='lat' dir='ltr'><strong>se</strong></span> <span class='ocrx_word' id='word_1_54' title='bbox 2191 1301 2316 1354; x_wconf 89' lang='lat' dir='ltr'><strong>tu-</strong></span> 
     </span>
     <span class='ocr_line' id='line_1_10' title="bbox 613 1385 2314 1478; baseline -0.002 -21"><span class='ocrx_word' id='word_1_55' title='bbox 613 1406 757 1458; x_wconf 86' lang='lat' dir='ltr'><strong>tum</strong></span> <span class='ocrx_word' id='word_1_56' title='bbox 809 1392 1099 1478; x_wconf 85' lang='lat' dir='ltr'><strong>putabat.</strong></span> <span class='ocrx_word' id='word_1_57' title='bbox 1188 1388 1309 1452; x_wconf 87' lang='lat' dir='ltr'><strong>Ille</strong></span> <span class='ocrx_word' id='word_1_58' title='bbox 1349 1401 1594 1467; x_wconf 84' lang='lat' dir='ltr'><strong>autem,</strong></span> <span class='ocrx_word' id='word_1_59' title='bbox 1628 1385 1982 1450; x_wconf 80' lang='lat' dir='ltr'><strong>adversario</strong></span> <span class='ocrx_word' id='word_1_60' title='bbox 2022 1401 2314 1470; x_wconf 86' lang='lat' dir='ltr'><strong>remoto,</strong></span> 
     </span>
     <span class='ocr_line' id='line_1_11' title="bbox 610 1488 2422 1575; baseline -0.003 -17"><span class='ocrx_word' id='word_1_61' title='bbox 610 1494 912 1560; x_wconf 86' lang='lat' dir='ltr'><strong>licentius</strong></span> <span class='ocrx_word' id='word_1_62' title='bbox 955 1513 1180 1555; x_wconf 89' lang='lat' dir='ltr'><strong>eorum</strong></span> <span class='ocrx_word' id='word_1_63' title='bbox 1220 1492 1412 1567; x_wconf 88' lang='lat' dir='ltr'><strong>bona,</strong></span> <span class='ocrx_word' id='word_1_64' title='bbox 1444 1511 1606 1575; x_wconf 87' lang='lat' dir='ltr'><strong>quos</strong></span> <span class='ocrx_word' id='word_1_65' title='bbox 1649 1489 1888 1554; x_wconf 79' lang='lat' dir='ltr'><strong>sciebat</strong></span> <span class='ocrx_word' id='word_1_66' title='bbox 1917 1488 2212 1555; x_wconf 78' lang='lat' dir='ltr'><strong>adversus</strong></span> <span class='ocrx_word' id='word_1_67' title='bbox 2243 1491 2316 1558; x_wconf 81' lang='lat' dir='ltr'><strong>se</strong></span> <span class='ocrx_word' id='word_1_68' title='bbox 2359 1519 2422 1554; x_wconf 84' lang='lat'><strong>10</strong></span> 
     </span>
     <span class='ocr_line' id='line_1_12' title="bbox 608 1589 2312 1676; baseline -0.001 -16"><span class='ocrx_word' id='word_1_69' title='bbox 608 1593 869 1672; x_wconf 76' lang='lat' dir='ltr'><strong>sensisse,</strong></span> <span class='ocrx_word' id='word_1_70' title='bbox 922 1592 1243 1660; x_wconf 80' lang='lat' dir='ltr'><strong>militibus</strong></span> <span class='ocrx_word' id='word_1_71' title='bbox 1292 1589 1668 1676; x_wconf 84' lang='lat' dir='ltr'><strong>dispertivit.</strong></span> <span class='ocrx_word' id='word_1_72' title='bbox 1759 1590 2016 1656; x_wconf 80' lang='lat' dir='ltr'><strong>Quibus</strong></span> <span class='ocrx_word' id='word_1_73' title='bbox 2063 1590 2312 1675; x_wconf 75' lang='lat' dir='ltr'><strong>divisis,</strong></span> 
     </span>
     <span class='ocr_line' id='line_1_13' title="bbox 608 1691 2306 1780; baseline -0.001 -20"><span class='ocrx_word' id='word_1_74' title='bbox 608 1717 759 1760; x_wconf 87' lang='lat' dir='ltr'><strong>eum</strong></span> <span class='ocrx_word' id='word_1_75' title='bbox 803 1692 1161 1780; x_wconf 84' lang='lat' dir='ltr'><strong>quotidiani</strong></span> <span class='ocrx_word' id='word_1_76' title='bbox 1208 1691 1476 1756; x_wconf 84' lang='lat' dir='ltr'><strong>maximi</strong></span> <span class='ocrx_word' id='word_1_77' title='bbox 1519 1691 1746 1756; x_wconf 85' lang='lat' dir='ltr'><strong>fierent</strong></span> <span class='ocrx_word' id='word_1_78' title='bbox 1774 1693 2088 1778; x_wconf 81' lang='lat' dir='ltr'><strong>sumptus,</strong></span> <span class='ocrx_word' id='word_1_79' title='bbox 2119 1695 2306 1760; x_wconf 86' lang='lat' dir='ltr'><strong>eele-</strong></span> 
     </span>
     <span class='ocr_line' id='line_1_14' title="bbox 606 1791 2311 1880; baseline 0.001 -20"><span class='ocrx_word' id='word_1_80' title='bbox 606 1795 760 1860; x_wconf 86' lang='lat' dir='ltr'><strong>riter</strong></span> <span class='ocrx_word' id='word_1_81' title='bbox 800 1793 1075 1880; x_wconf 82' lang='lat' dir='ltr'><strong>pecunia</strong></span> <span class='ocrx_word' id='word_1_82' title='bbox 1114 1791 1318 1858; x_wconf 77' lang='lat' dir='ltr'><strong>deesse</strong></span> <span class='ocrx_word' id='word_1_83' title='bbox 1346 1792 1590 1879; x_wconf 77' lang='lat' dir='ltr'><strong>coepit3</strong></span> <span class='ocrx_word' id='word_1_84' title='bbox 1639 1813 1878 1879; x_wconf 86' lang='lat' dir='ltr'><strong>neque,</strong></span> <span class='ocrx_word' id='word_1_85' title='bbox 1909 1816 2040 1880; x_wconf 84' lang='lat' dir='ltr'><strong>quo</strong></span> <span class='ocrx_word' id='word_1_86' title='bbox 2069 1815 2311 1862; x_wconf 65' lang='lat' dir='ltr'><strong>manua</strong></span> 
     </span>
     <span class='ocr_line' id='line_1_15' title="bbox 605 1893 2306 1982; baseline 0.002 -24"><span class='ocrx_word' id='word_1_87' title='bbox 605 1895 982 1981; x_wconf 82' lang='lat' dir='ltr'><strong>porrigeret,</strong></span> <span class='ocrx_word' id='word_1_88' title='bbox 1012 1894 1412 1980; x_wconf 85' lang='lat' dir='ltr'><strong>suppetebat,</strong></span> <span class='ocrx_word' id='word_1_89' title='bbox 1442 1893 1553 1956; x_wconf 88' lang='lat' dir='ltr'><strong>nifi</strong></span> <span class='ocrx_word' id='word_1_90' title='bbox 1582 1893 1652 1956; x_wconf 90' lang='lat' dir='ltr'><strong>in</strong></span> <span class='ocrx_word' id='word_1_91' title='bbox 1681 1893 2034 1958; x_wconf 83' lang='lat' dir='ltr'><strong>amicorum</strong></span> <span class='ocrx_word' id='word_1_92' title='bbox 2064 1897 2306 1982; x_wconf 84' lang='lat' dir='ltr'><strong>poffes-</strong></span> 
     </span>
     <span class='ocr_line' id='line_1_16' title="bbox 606 1995 2406 2082; baseline 0.005 -22"><span class='ocrx_word' id='word_1_93' title='bbox 606 1997 830 2062; x_wconf 79' lang='lat' dir='ltr'><strong>fiones,</strong></span> <span class='ocrx_word' id='word_1_94' title='bbox 921 1997 999 2060; x_wconf 90' lang='lat' dir='ltr'><strong>Id</strong></span> <span class='ocrx_word' id='word_1_95' title='bbox 1026 1995 1356 2082; x_wconf 85' lang='lat' dir='ltr'><strong>-ejusmodi</strong></span> <span class='ocrx_word' id='word_1_96' title='bbox 1385 2007 1542 2074; x_wconf 89' lang='lat' dir='ltr'><strong>erat,</strong></span> <span class='ocrx_word' id='word_1_97' title='bbox 1573 2007 1671 2074; x_wconf 74' lang='lat' dir='ltr'><strong>ut,</strong></span> <span class='ocrx_word' id='word_1_98' title='bbox 1703 2017 1854 2062; x_wconf 86' lang='lat' dir='ltr'><strong>oum</strong></span> <span class='ocrx_word' id='word_1_99' title='bbox 1899 1997 2144 2062; x_wconf 79' lang='lat' dir='ltr'><strong>milites</strong></span> <span class='ocrx_word' id='word_1_100' title='bbox 2187 2021 2299 2066; x_wconf 86' lang='lat' dir='ltr'><strong>re·-</strong></span> <span class='ocrx_word' id='word_1_101' title='bbox 2348 2031 2406 2082; x_wconf 67' lang='grc' dir='ltr'><strong>ις</strong></span> 
     </span>
     <span class='ocr_line' id='line_1_17' title="bbox 603 2097 2306 2183; baseline 0.001 -20"><span class='ocrx_word' id='word_1_102' title='bbox 603 2097 1017 2176; x_wconf 77' lang='lat' dir='ltr'><strong>conciliasset,</strong></span> <span class='ocrx_word' id='word_1_103' title='bbox 1047 2097 1376 2162; x_wconf 82' lang='lat' dir='ltr'><strong>amitteret</strong></span> <span class='ocrx_word' id='word_1_104' title='bbox 1403 2097 1766 2183; x_wconf 74' lang='lat' dir='ltr'><strong>optimates.</strong></span> <span class='ocrx_word' id='word_1_105' title='bbox 1859 2099 2156 2164; x_wconf 78' lang='lat' dir='ltr'><strong>Quarum</strong></span> <span class='ocrx_word' id='word_1_106' title='bbox 2185 2123 2306 2166; x_wconf 81' lang='lat' dir='ltr'><strong>re-</strong></span> 
     </span>
     <span class='ocr_line' id='line_1_18' title="bbox 600 2197 2302 2286; baseline 0.001 -20"><span class='ocrx_word' id='word_1_107' title='bbox 600 2219 746 2267; x_wconf 82' lang='lat' dir='ltr'><strong>tum</strong></span> <span class='ocrx_word' id='word_1_108' title='bbox 788 2222 939 2265; x_wconf 88' lang='lat' dir='ltr'><strong>cura</strong></span> <span class='ocrx_word' id='word_1_109' title='bbox 968 2197 1405 2286; x_wconf 83' lang='lat' dir='ltr'><strong>frangebatur,</strong></span> <span class='ocrx_word' id='word_1_110' title='bbox 1437 2210 1526 2278; x_wconf 82' lang='lat' dir='ltr'><strong>et,</strong></span> <span class='ocrx_word' id='word_1_111' title='bbox 1558 2198 1840 2263; x_wconf 85' lang='lat' dir='ltr'><strong>insuetus</strong></span> <span class='ocrx_word' id='word_1_112' title='bbox 1881 2200 2054 2265; x_wconf 83' lang='lat' dir='ltr'><strong>male</strong></span> <span class='ocrx_word' id='word_1_113' title='bbox 2095 2204 2302 2269; x_wconf 88' lang='lat' dir='ltr'><strong>audi-.</strong></span> 
     </span>
     <span class='ocr_line' id='line_1_19' title="bbox 599 2299 2298 2387; baseline 0.002 -22"><span class='ocrx_word' id='word_1_114' title='bbox 599 2300 775 2380; x_wconf 80' lang='lat' dir='ltr'><strong>endi,</strong></span> <span class='ocrx_word' id='word_1_115' title='bbox 824 2323 955 2365; x_wconf 89' lang='lat' dir='ltr'><strong>non</strong></span> <span class='ocrx_word' id='word_1_116' title='bbox 1016 2322 1205 2387; x_wconf 90' lang='lat' dir='ltr'><strong>aequo</strong></span> <span class='ocrx_word' id='word_1_117' title='bbox 1248 2300 1470 2365; x_wconf 87' lang='lat' dir='ltr'><strong>animo</strong></span> <span class='ocrx_word' id='word_1_118' title='bbox 1530 2299 1777 2365; x_wconf 84' lang='lat' dir='ltr'><strong>ferebat</strong></span> <span class='ocrx_word' id='word_1_119' title='bbox 1827 2300 1912 2365; x_wconf 90' lang='lat' dir='ltr'><strong>de</strong></span> <span class='ocrx_word' id='word_1_120' title='bbox 1960 2302 2024 2365; x_wconf 86' lang='lat' dir='ltr'><strong>se</strong></span> <span class='ocrx_word' id='word_1_121' title='bbox 2069 2303 2152 2366; x_wconf 90' lang='lat' dir='ltr'><strong>ab</strong></span> <span class='ocrx_word' id='word_1_122' title='bbox 2209 2303 2298 2369; x_wconf 86' lang='lat' dir='ltr'><strong>iis</strong></span> 
     </span>
     <span class='ocr_line' id='line_1_20' title="bbox 598 2400 2298 2486; baseline 0.002 -21"><span class='ocrx_word' id='word_1_123' title='bbox 598 2400 769 2465; x_wconf 78' lang='lat' dir='ltr'><strong>male</strong></span> <span class='ocrx_word' id='word_1_124' title='bbox 798 2400 1159 2479; x_wconf 77' lang='lat' dir='ltr'><strong>existimari,</strong></span> <span class='ocrx_word' id='word_1_125' title='bbox 1186 2419 1462 2485; x_wconf 85' lang='lat' dir='ltr'><strong>quorum</strong></span> <span class='ocrx_word' id='word_1_126' title='bbox 1507 2401 1704 2486; x_wconf 74' lang='lat' dir='ltr'><strong>paulo</strong></span> <span class='ocrx_word' id='word_1_127' title='bbox 1747 2414 1896 2465; x_wconf 84' lang='lat' dir='ltr'><strong>ante</strong></span> <span class='ocrx_word' id='word_1_128' title='bbox 1937 2402 2006 2465; x_wconf 90' lang='lat' dir='ltr'><strong>in</strong></span> <span class='ocrx_word' id='word_1_129' title='bbox 2049 2402 2298 2469; x_wconf 81' lang='lat' dir='ltr'><strong>coelum</strong></span> 
     </span>
     <span class='ocr_line' id='line_1_21' title="bbox 596 2500 2401 2588; baseline 0.006 -21"><span class='ocrx_word' id='word_1_130' title='bbox 596 2501 807 2567; x_wconf 68' lang='lat' dir='ltr'><strong>filerat</strong></span> <span class='ocrx_word' id='word_1_131' title='bbox 834 2501 1041 2568; x_wconf 84' lang='lat' dir='ltr'><strong>elatus</strong></span> <span class='ocrx_word' id='word_1_132' title='bbox 1076 2500 1396 2567; x_wconf 70' lang='lat' dir='ltr'><strong>laudibuS.</strong></span> <span class='ocrx_word' id='word_1_133' title='bbox 1486 2502 1750 2588; x_wconf 82' lang='lat' dir='ltr'>Vulgus</span> <span class='ocrx_word' id='word_1_134' title='bbox 1775 2514 2020 2582; x_wconf 88' lang='lat' dir='ltr'><strong>autem,</strong></span> <span class='ocrx_word' id='word_1_135' title='bbox 2053 2504 2296 2571; x_wconf 80' lang='lat' dir='ltr'><strong>offensa</strong></span> <span class='ocrx_word' id='word_1_136' title='bbox 2332 2541 2401 2576; x_wconf 68' lang='grc' dir='ltr'><strong>ιο</strong></span> 
     </span>
     <span class='ocr_line' id='line_1_22' title="bbox 595 2602 2294 2691; baseline 0.001 -22"><span class='ocrx_word' id='word_1_137' title='bbox 595 2604 665 2669; x_wconf 86' lang='lat' dir='ltr'><strong>in</strong></span> <span class='ocrx_word' id='word_1_138' title='bbox 696 2625 849 2669; x_wconf 85' lang='lat' dir='ltr'><strong>eum</strong></span> <span class='ocrx_word' id='word_1_139' title='bbox 874 2604 1155 2669; x_wconf 79' lang='lat' dir='ltr'><strong>militum</strong></span> <span class='ocrx_word' id='word_1_140' title='bbox 1186 2602 1539 2682; x_wconf 83' lang='lat' dir='ltr'><strong>voluntate,</strong></span> <span class='ocrx_word' id='word_1_141' title='bbox 1569 2603 1834 2667; x_wconf 75' lang='lat' dir='ltr'><strong>liberius</strong></span> <span class='ocrx_word' id='word_1_142' title='bbox 1874 2604 2294 2691; x_wconf 81' lang='lat' dir='ltr'><strong>loquebatur,</strong></span> 
     </span>
     <span class='ocr_line' id='line_1_23' title="bbox 595 2701 1964 2791; baseline 0 -22"><span class='ocrx_word' id='word_1_143' title='bbox 595 2717 665 2769; x_wconf 78' lang='lat' dir='ltr'><strong>ot</strong></span> <span class='ocrx_word' id='word_1_144' title='bbox 693 2716 1039 2791; x_wconf 76' lang='lat' dir='ltr'><strong>tyrannum</strong></span> <span class='ocrx_word' id='word_1_145' title='bbox 1074 2724 1203 2767; x_wconf 89' lang='lat' dir='ltr'><strong>non</strong></span> <span class='ocrx_word' id='word_1_146' title='bbox 1232 2701 1572 2769; x_wconf 85' lang='lat' dir='ltr'><strong>ferendum</strong></span> <span class='ocrx_word' id='word_1_147' title='bbox 1603 2703 1964 2769; x_wconf 61' lang='lat' dir='ltr'><strong>dictitabat.</strong></span> 
     </span>
    </p>

    <p class='ocr_par' dir='ltr' id='par_1_5' title="bbox 582 2805 2382 3604">
     <span class='ocr_line' id='line_1_24' title="bbox 648 2805 2288 2892; baseline 0.001 -20"><span class='ocrx_word' id='word_1_148' title='bbox 648 2808 873 2872; x_wconf 55' lang='lat' dir='ltr'><strong>„VllL</strong></span> <span class='ocrx_word' id='word_1_149' title='bbox 934 2808 1101 2869; x_wconf 82' lang='lat' dir='ltr'>&#39;Haec</span> <span class='ocrx_word' id='word_1_150' title='bbox 1145 2805 1255 2869; x_wconf 86' lang='lat' dir='ltr'><strong>ille</strong></span> <span class='ocrx_word' id='word_1_151' title='bbox 1299 2806 1580 2885; x_wconf 79' lang='lat' dir='ltr'><strong>intuenS,</strong></span> <span class='ocrx_word' id='word_1_152' title='bbox 1625 2805 1802 2886; x_wconf 73' lang='lat' dir='ltr'><strong>eum,</strong></span> <span class='ocrx_word' id='word_1_153' title='bbox 1853 2809 2288 2892; x_wconf 80' lang='lat' dir='ltr'><strong>quemadmo-</strong></span> 
     </span>
     <span class='ocr_line' id='line_1_25' title="bbox 590 2906 2286 2993; baseline 0.003 -22"><span class='ocrx_word' id='word_1_154' title='bbox 590 2907 751 2972; x_wconf 87' lang='lat' dir='ltr'><strong>dum</strong></span> <span class='ocrx_word' id='word_1_155' title='bbox 794 2908 1062 2987; x_wconf 86' lang='lat' dir='ltr'><strong>sedaret,</strong></span> <span class='ocrx_word' id='word_1_156' title='bbox 1108 2906 1399 2986; x_wconf 77' lang='lat' dir='ltr'><strong>nescii-et,</strong></span> <span class='ocrx_word' id='word_1_157' title='bbox 1435 2920 1525 2986; x_wconf 88' lang='lat' dir='ltr'><strong>et,</strong></span> <span class='ocrx_word' id='word_1_158' title='bbox 1557 2907 1862 2993; x_wconf 88' lang='lat' dir='ltr'><strong>quorsum</strong></span> <span class='ocrx_word' id='word_1_159' title='bbox 1911 2909 2286 2991; x_wconf 81' lang='lat' dir='ltr'><strong>evaderent,</strong></span> 
     </span>
     <span class='ocr_line' id='line_1_26' title="bbox 590 3008 2382 3103; baseline 0.002 -28"><span class='ocrx_word' id='word_1_160' title='bbox 590 3010 849 3075; x_wconf 81' lang='lat' dir='ltr'><strong>timeret</strong></span> <span class='ocrx_word' id='word_1_161' title='bbox 866 3036 887 3091; x_wconf 82' lang='lat'><em>3</em></span> <span class='ocrx_word' id='word_1_162' title='bbox 922 3011 1299 3077; x_wconf 84' lang='lat' dir='ltr'><strong>Callicrates</strong></span> <span class='ocrx_word' id='word_1_163' title='bbox 1329 3009 1620 3097; x_wconf 89' lang='lat' dir='ltr'><strong>quidam,</strong></span> <span class='ocrx_word' id='word_1_164' title='bbox 1655 3008 1811 3073; x_wconf 80' lang='lat' dir='ltr'><strong>civis</strong></span> <span class='ocrx_word' id='word_1_165' title='bbox 1843 3010 2280 3094; x_wconf 66' lang='lat' dir='ltr'><strong>Atheniensis,</strong></span> <span class='ocrx_word' id='word_1_166' title='bbox 2320 3052 2382 3103; x_wconf 75' lang='lat'><strong>2⁵</strong></span> 
     </span>
     <span class='ocr_line' id='line_1_27' title="bbox 589 3109 2280 3196; baseline 0.005 -23"><span class='ocrx_word' id='word_1_167' title='bbox 589 3110 702 3196; x_wconf 88' lang='lat' dir='ltr'><strong>qui</strong></span> <span class='ocrx_word' id='word_1_168' title='bbox 746 3110 929 3175; x_wconf 88' lang='lat' dir='ltr'><strong>fimul</strong></span> <span class='ocrx_word' id='word_1_169' title='bbox 962 3134 1115 3175; x_wconf 89' lang='lat' dir='ltr'><strong>eum</strong></span> <span class='ocrx_word' id='word_1_170' title='bbox 1158 3132 1237 3175; x_wconf 89' lang='lat' dir='ltr'><strong>eo</strong></span> <span class='ocrx_word' id='word_1_171' title='bbox 1254 3132 1358 3175; x_wconf 83' lang='lat' dir='ltr'><strong>·ex</strong></span> <span class='ocrx_word' id='word_1_172' title='bbox 1403 3109 1836 3195; x_wconf 85' lang='lat' dir='ltr'><strong>Peloponneso</strong></span> <span class='ocrx_word' id='word_1_173' title='bbox 1879 3114 1945 3176; x_wconf 87' lang='lat' dir='ltr'><strong>in</strong></span> <span class='ocrx_word' id='word_1_174' title='bbox 1991 3112 2280 3181; x_wconf 83' lang='lat' dir='ltr'><strong>Siciliam</strong></span> 
     </span>
     <span class='ocr_line' id='line_1_28' title="bbox 587 3212 2276 3291; baseline 0.005 -16"><span class='ocrx_word' id='word_1_175' title='bbox 587 3223 869 3291; x_wconf 82' lang='lat' dir='ltr'><strong>venerat,</strong></span> <span class='ocrx_word' id='word_1_176' title='bbox 904 3212 1101 3275; x_wconf 86' lang='lat' dir='ltr'><strong>homo</strong></span> <span class='ocrx_word' id='word_1_177' title='bbox 1142 3224 1211 3277; x_wconf 86' lang='lat' dir='ltr'><strong>et</strong></span> <span class='ocrx_word' id='word_1_178' title='bbox 1250 3212 1544 3289; x_wconf 81' lang='lat' dir='ltr'><strong>callidus,</strong></span> <span class='ocrx_word' id='word_1_179' title='bbox 1577 3224 1646 3275; x_wconf 80' lang='lat' dir='ltr'><strong>et</strong></span> <span class='ocrx_word' id='word_1_180' title='bbox 1681 3212 1762 3275; x_wconf 85' lang='lat' dir='ltr'><strong>ad</strong></span> <span class='ocrx_word' id='word_1_181' title='bbox 1793 3212 2086 3279; x_wconf 82' lang='lat' dir='ltr'><strong>fraudem</strong></span> <span class='ocrx_word' id='word_1_182' title='bbox 2117 3239 2276 3283; x_wconf 82' lang='lat' dir='ltr'><strong>acu-</strong></span> 
     </span>
     <span class='ocr_line' id='line_1_29' title="bbox 585 3310 2274 3399; baseline 0.004 -23"><span class='ocrx_word' id='word_1_183' title='bbox 585 3324 715 3393; x_wconf 72' lang='lat' dir='ltr'><strong>tuS,</strong></span> <span class='ocrx_word' id='word_1_184' title='bbox 746 3312 871 3376; x_wconf 88' lang='lat' dir='ltr'><strong>fine</strong></span> <span class='ocrx_word' id='word_1_185' title='bbox 904 3310 1037 3375; x_wconf 88' lang='lat' dir='ltr'><strong>ulla</strong></span> <span class='ocrx_word' id='word_1_186' title='bbox 1058 3312 1378 3399; x_wconf 86' lang='lat' dir='ltr'><strong>religione</strong></span> <span class='ocrx_word' id='word_1_187' title='bbox 1407 3334 1482 3375; x_wconf 86' lang='lat' dir='ltr'><strong>ac</strong></span> <span class='ocrx_word' id='word_1_188' title='bbox 1513 3312 1662 3390; x_wconf 82' lang='lat' dir='ltr'><strong>fide,</strong></span> <span class='ocrx_word' id='word_1_189' title='bbox 1687 3313 1822 3377; x_wconf 78' lang='lat' dir='ltr'><strong>adit</strong></span> <span class='ocrx_word' id='word_1_190' title='bbox 1849 3314 1932 3379; x_wconf 85' lang='lat' dir='ltr'><strong>ad</strong></span> <span class='ocrx_word' id='word_1_191' title='bbox 1960 3317 2274 3397; x_wconf 87' lang='lat' dir='ltr'><strong>Dionem,</strong></span> 
     </span>
     <span class='ocr_line' id='line_1_30' title="bbox 582 3412 2274 3502; baseline 0.003 -24"><span class='ocrx_word' id='word_1_192' title='bbox 582 3428 653 3478; x_wconf 87' lang='lat' dir='ltr'><strong>et</strong></span> <span class='ocrx_word' id='word_1_193' title='bbox 702 3414 816 3491; x_wconf 83' lang='lat' dir='ltr'><strong>ait,</strong></span> <span class='ocrx_word' id='word_1_194' title='bbox 868 3434 1019 3477; x_wconf 87' lang='lat' dir='ltr'><strong>eum</strong></span> <span class='ocrx_word' id='word_1_195' title='bbox 1072 3413 1139 3475; x_wconf 88' lang='lat' dir='ltr'><strong>in</strong></span> <span class='ocrx_word' id='word_1_196' title='bbox 1194 3434 1438 3497; x_wconf 80' lang='lat' dir='ltr'><strong>magno</strong></span> <span class='ocrx_word' id='word_1_197' title='bbox 1497 3412 1785 3497; x_wconf 84' lang='lat' dir='ltr'><strong>periculo</strong></span> <span class='ocrx_word' id='word_1_198' title='bbox 1842 3414 1962 3479; x_wconf 82' lang='lat' dir='ltr'><strong>effe</strong></span> <span class='ocrx_word' id='word_1_199' title='bbox 2015 3432 2274 3502; x_wconf 86' lang='lat' dir='ltr'><strong>propter</strong></span> 
     </span>
     <span class='ocr_line' id='line_1_31' title="bbox 584 3512 2370 3604; baseline 0.002 -27"><span class='ocrx_word' id='word_1_200' title='bbox 584 3514 993 3579; x_wconf 85' lang='lat' dir='ltr'><strong>offenfionern</strong></span> <span class='ocrx_word' id='word_1_201' title='bbox 1052 3512 1275 3599; x_wconf 88' lang='lat' dir='ltr'><strong>populi</strong></span> <span class='ocrx_word' id='word_1_202' title='bbox 1325 3525 1392 3576; x_wconf 87' lang='lat' dir='ltr'><strong>et</strong></span> <span class='ocrx_word' id='word_1_203' title='bbox 1445 3513 1670 3577; x_wconf 86' lang='lat' dir='ltr'><strong>odium</strong></span> <span class='ocrx_word' id='word_1_204' title='bbox 1725 3514 2033 3595; x_wconf 82' lang='lat' dir='ltr'><strong>mili-tum,</strong></span> <span class='ocrx_word' id='word_1_205' title='bbox 2091 3521 2272 3604; x_wconf 89' lang='lat' dir='ltr'><strong>quod</strong></span> <span class='ocrx_word' id='word_1_206' title='bbox 2307 3553 2370 3598; x_wconf 81' lang='lat'><strong>30</strong></span> 
     </span>
    </p>
   </div>
   <div class='ocr_carea' id='block_1_3' title="bbox 522 3598 2270 3807">
    <p class='ocr_par' dir='ltr' id='par_1_6' title="bbox 522 3598 2270 3807">
     <span class='ocr_line' id='line_1_32' title="bbox 522 3598 2270 3700; baseline 0.004 -22"><span class='ocrx_word' id='word_1_207' title='bbox 522 3598 526 3606; x_wconf 43' lang='lat'><strong>¹</strong></span> <span class='ocrx_word' id='word_1_208' title='bbox 584 3612 767 3679; x_wconf 89' lang='lat' dir='ltr'><strong>nullo</strong></span> <span class='ocrx_word' id='word_1_209' title='bbox 820 3615 1017 3681; x_wconf 87' lang='lat' dir='ltr'><strong>modo</strong></span> <span class='ocrx_word' id='word_1_210' title='bbox 1064 3615 1300 3681; x_wconf 86' lang='lat' dir='ltr'><strong>evitare</strong></span> <span class='ocrx_word' id='word_1_211' title='bbox 1343 3612 1564 3700; x_wconf 83' lang='lat' dir='ltr'><strong>poss&#39;et,</strong></span> <span class='ocrx_word' id='word_1_212' title='bbox 1613 3614 1722 3679; x_wconf 86' lang='lat' dir='ltr'><strong>nifi</strong></span> <span class='ocrx_word' id='word_1_213' title='bbox 1769 3615 1964 3681; x_wconf 84' lang='lat' dir='ltr'><strong>alicui</strong></span> <span class='ocrx_word' id='word_1_214' title='bbox 2009 3617 2270 3685; x_wconf 87' lang='lat' dir='ltr'><strong>suorum</strong></span> 
     </span>
     <span class='ocr_line' id='line_1_33' title="bbox 2056 3740 2266 3807; baseline 0.01 -24"><span class='ocrx_word' id='word_1_215' title='bbox 2056 3740 2266 3807; x_wconf 85' lang='lat' dir='ltr'><strong>nego-</strong></span> 
     </span>
    </p>
   </div>
  </div>
 </body>
</html>
