2587 4402
618 417 706 500 64
1350 435 1576 484 mom.

618 570 899 634 Suormn
951 577 1167 632 autem
1214 588 1252 632 e
1303 587 1574 632 numero
1613 567 2012 654 Zacynthios
2055 567 2332 634 adoles-2

618 681 841 734 centes
870 668 1175 755 quosdam
1222 667 1450 754 elegit,
1481 655 1633 732 cum
1665 667 2130 748 audaciffimos,
2163 667 2334 734 turn

618 772 861 838 viribus
902 769 1245 850 maximis;
1292 771 1521 858 hisque
1560 770 1672 836 dat
1713 771 2078 858 negotium,
2109 785 2194 836 ut
2237 771 2336 836 ad

618 872 905 938 Dionem
948 886 1098 936 eant
1138 871 1439 952 inermen,
1471 871 1554 937 fic
1595 882 1672 935 ut
1713 871 2140 936 conveniendi
2169 871 2335 959 ejus
2411 899 2424 910 ·

618 975 827 1062 gratia
854 972 1219 1038 viderentur
1244 973 1484 1037 venire.
1574 972 1670 1036 Hi
1714 986 1972 1059 propter
2007 973 2332 1040 notitiam
2371 989 2400 1041 5

618 1075 769 1140 sunt
812 1073 1168 1138 intromiffi.
1255 1075 1353 1138 At
1393 1072 1511 1152 illi,
1555 1086 1632 1138 ut
1678 1073 1880 1137 limen
1923 1073 2062 1160 ejus
2105 1075 2331 1140 intra-

618 1187 803 1255 runt,
827 1165 1075 1240 foribus
1116 1173 1444 1253 obseratiS,
1483 1175 1551 1238 in
1597 1173 1772 1238 lecto
1811 1174 2160 1268 cubantem
2207 1175 2330 1240 in-

620 1277 889 1356 vadunt,
918 1277 1275 1365 colligant:
1325 1277 1398 1342 fit
1436 1277 1751 1363 strepitu8‚
1789 1275 1952 1340 adeo
1987 1290 2064 1341 ut
2105 1285 2330 1342 exa'u·

622 1378 746 1444 diri
782 1377 981 1467 poffet
1020 1378 1196 1443 foris,
1272 1378 1430 1457 Hic,
1463 1377 1622 1443 ficut
1662 1389 1815 1442 ante
1850 1379 2014 1464 saepe
2055 1377 2330 1444 dictum

618 1481 733 1559 est,
762 1501 957 1566 quam
986 1479 1285 1546 invisa‘fit
1312 1478 1648 1565 fingularis
1674 1479 1985 1564 potentia,
2015 1491 2084 1544 et
2113 1479 2326 1546 mise-
2368 1505 2430 1540 ιο

623 1578 825 1648 tanda
864 1579 1017 1660 vita,
1046 1580 1161 1668 qui
1204 1579 1265 1643 se
1309 1579 1537 1658 metui,
1567 1601 1764 1666 quam
1803 1579 1998 1644 amari
2029 1580 2324 1661 malunt,

618 1681 826 1746 cuivis
866 1681 1056 1748 facile
1098 1681 1431 1754 intellectu
1474 1680 1624 1746 fuit.
1711 1682 2018 1768 Namque
2061 1682 2158 1747 illi
2195 1683 2322 1771 ipfi

568 1839 575 1844 .
620 1783 939 1861 custodeS,
978 1783 1017 1846 fi
1066 1783 1340 1870 propitia
1381 1782 1635 1849 fuifi'ent
1677 1783 2031 1861 voluntate,
2063 1782 2324 1850 foribus

624 1885 894 1950 effmRis
937 1884 1177 1950 servare
1214 1907 1366 1950 eum
1397 1884 1763 1971 potuifl'ent,
1798 1885 1978 1972 quod
2005 1885 2102 1949 illi
2134 1885 2318 1952 iner-

622 2008 763 2052 mes
819 1984 1022 2052 telum
1080 1986 1233 2052 foris
1288 1985 1654 2074 flagitantes
1697 1983 1926 2052 'vivum
1975 1988 2316 2054 tenebant.
2359 2015 2418 2069 ις

624 2086 753 2153 Cui
796 2109 951 2152 cum
988 2087 1379 2154 succurreret
1419 2109 1636 2168 nemo,
1665 2090 1849 2176 Lyco
1877 2089 2144 2176 quidam
2179 2093 2315 2180 sy-

612 2189 957 2258 racusanus
1012 2212 1127 2277 per
1194 2189 1490 2257 fenestrae
1559 2189 1852 2278 gladium
1911 2190 2118 2278 dedit,
2175 2216 2318 2283 quo

622 2291 801 2357 Dion
832 2292 1204 2357 inter-feam
1234 2294 1344 2359 est.

708 2393 798 2457 X.
848 2391 1163 2458 Confecta
1210 2394 1414 2474 caede,
1463 2416 1614 2461 cum
1663 2387 2020 2463 multitudo
2061 2396 2314 2465 visendi

610 2492 829 2580 -gratia
864 2492 1219 2573 introiiffet,
1250 2495 1548 2561 nonnulli
1586 2498 1670 2561 ab
1705 2498 1918 2563 insciis
1947 2520 2064 2585 pro
2093 2501 2314 2568 noxiis
2349 2534 2410 2571 ιο

620 2592 1075 2659 conciduntur.
1135 2594 1338 2675 Nam,
1367 2596 1561 2662 celeri
1587 2619 1844 2663 rumore
1871 2599 2074 2665 dilato
2101 2593 2314 2668 Dioni

618 2694 753 2759 vim
797 2694 1078 2775 allatam,
1124 2698 1316 2762 multi
1359 2712 1832 2780 concurrerant3
1887 2702 2128 2789 quibus
2177 2705 2314 2775 tale

615 2793 871 2861 facinus
902 2795 1296 2883 displicebat.
1383 2800 1504 2880 Hi,
1539 2800 1690 2865 falsa
1717 2801 2067 2889 suspicione
2095 2804 2308 2888 duffii,

618 2896 1035 2964 immerentes
1063 2911 1138 2963 ut
1165 2900 1501 2965 sceleratos
1543 2903 1874 2971 occidunt.
1961 2907 2182 2996 Hujus
2217 2908 2310 2975 de

610 3012 831 3065 morte
878 3012 951 3065 ut
1000 3000 1209 3089 palam
1252 3000 1498 3066 factum
1545 3004 1656 3084 est,
1699 3004 2078 3073 mirabiliter
2117 3009 2308 3099 vulgi
2341 3036 2404 3091 ις

619 3112 871 3192 mutata
898 3104 987 3166 est
1016 3104 1336 3169 voluntas.
1395 3106 1597 3185 Nam,
1628 3106 1742 3194 qui
1769 3107 1987 3175 vivum
2015 3132 2166 3175 eum
2200 3126 2324 3201 ty..

613 3222 891 3267 rannum
920 3205 1293 3287 vocitatam,
1318 3207 1593 3273 eundem
1623 3209 2028 3277 liberatorem
2055 3215 2304 3299 patriae,

616 3303 1003 3392 tyrannique
1052 3308 1447 3393 expulsorem
1497 3310 1952 3396 praedicabant.
2045 3315 2152 3381 Sic
2195 3318 2303 3383 su·-

618 3407 763 3471 bito
800 3406 1224 3473 misericordia
1262 3408 1420 3477 odio
1455 3410 1843 3493 successerat,
1884 3426 1958 3478 ut
1995 3437 2146 3481 eum
2185 3416 2304 3484 suo

608 3504 948 3593 sanguine,
980 3508 1019 3571 fi
1052 3508 1323 3594 poffent,
1350 3511 1432 3575 ab
1457 3511 1830 3578 Acheronte
1857 3529 2166 3602 cuperent
2191 3540 2297 3583 re-
2337 3546 2398 3593 ³·

616 3604 887 3675 dimere.
951 3610 1179 3700 Itaque
1206 3609 1275 3678 in
1304 3612 1488 3695 urbe,
1521 3612 1937 3683 celeberrimo
1965 3617 2136 3701 loco,
2165 3617 2298 3683 ela-

1773 3724 1784 3735 '
2191 3732 2302 3787 tue
