2587 4402
878 471 1343 519 Aeneadum.
1834 462 1954 535 105

262 598 365 663 his
412 599 542 665 fieri
594 600 817 681 vellet,
860 604 971 668 e'tfi
1014 604 1267 691 aliquot
1316 604 1584 671 vulnera
1625 614 1960 690 acceperat

260 720 341 763 eo
366 703 615 785 praelio,
640 715 709 767 et
738 704 939 769 iratus
968 705 1306 771 videbatur
1335 706 1664 782 omnibus,
1695 705 1811 791 qui
1839 704 1953 769 ad-

262 802 469 867 versus
498 826 679 867 arma
708 804 1013 885 tulerant,
1046 818 1263 871 tamen
1306 805 1614 872 antetulit
1659 803 1770 869 irae
1803 803 1954 869 reli-

263 901 547 987 gionem,
578 917 649 968 et
674 927 787 969 eos
818 908 1027 972 vetuit
1049 908 1298 973 violari.
1385 909 1624 992 Neque
1653 928 1804 971 vero
1831 905 1956 969 hoc

208 1020 234 1071 5
268 995 463 1069 solum
488 1004 555 1068 in
588 1006 843 1071 Graeci-a
861 1005 1041 1089 fecit,
1064 1020 1142 1073 ut
1164 1008 1410 1095 templa
1429 1010 1722 1075 Deorum
1745 1006 1958 1071 sani-Ita

265 1104 564 1185 haberet3
613 1109 721 1172 sed
748 1110 946 1175 etiam
994 1110 1166 1198 apud
1211 1111 1516 1175 barbaros
1563 1110 1812 1175 summa
1853 1130 1956 1173 re-

264 1207 507 1295 ligione
556 1204 781 1276 omnia
828 1213 1178 1291 simulacra,
1228 1211 1490 1299 arasque
1537 1212 1954 1278 conservavit.

268 1311 495 1398 Itaque
542 1314 935 1398 praedicabat
980 1315 1199 1380 mirari
1238 1314 1302 1379 se
1331 1336 1464 1379 non
1501 1314 1956 1399 sacrilegorum

264 1434 537 1479 numero
566 1415 813 1495 haberi,
845 1417 959 1501 qui
996 1416 1390 1503 supplicibus
1425 1418 1716 1481 Deorum
1751 1436 1954 1479 nocu-

180 1539 239 1573 ιο
264 1513 468 1595 iffent,
501 1526 617 1581 aut
648 1538 778 1581 non
810 1518 1213 1604 gravioribus
1239 1517 1452 1603 poenis
1487 1515 1678 1595 affici,
1712 1514 1824 1601 qui
1854 1536 1956 1579 re-

266 1616 587 1703 ligionem
618 1618 1007 1698 minuerent,
1038 1641 1235 1705 quam
1264 1619 1380 1705 qui
1409 1617 1558 1683 fana
1591 1616 1955 1703 spoliarent.

342 1722 439 1785 V.
488 1722 630 1785 Post
657 1720 785 1785 hoc
812 1721 1107 1808 praelium
1138 1721 1446 1786 collatum
1479 1722 1565 1785 est
1593 1741 1786 1784 omne
1814 1719 1957 1783 bel·
2047 1774 2052 1777 .

267 1823 401 1887 lum
434 1823 617 1887 circa
652 1821 1071 1901 Corinthum,
1104 1822 1385 1911 ideoque
1423 1822 1834 1887 Corinthium
1875 1822 1963 1885 est

269 1926 688 2011 appellatum.
756 1925 889 1989 Hic
918 1947 1069 1989 curn
1099 1946 1229 1988 una
1256 1945 1476 2011 pugna
1503 1923 1724 1989 decem
1757 1922 1966 1988 millia

194 2046 239 2094 ¹5
272 2029 573 2108 hostium,
600 2028 901 2115 Agefilao
928 2029 1118 2108 duce,
1150 2026 1538 2107 cecidiffent,
1561 2048 1768 2113 eoque
1787 2026 1964 2093 fatito

268 2154 421 2220 opes
452 2130 956 2195 adversariorum
986 2126 1337 2194 debilitatae
1367 2128 1769 2209 viderentur3
1815 2140 1960 2193 tan-

268 2249 409 2302 tum
440 2235 655 2301 abfuit
680 2236 763 2300 ab
796 2234 1127 2300 insolentia
1166 2233 1420 2322 gloriae,
1449 2245 1528 2298 ut
1553 2232 1962 2298 commisera-

270 2351 375 2403 tus
404 2339 485 2402 fit
512 2335 839 2401 fortunam
892 2337 1185 2416 Graeciae,
1216 2336 1394 2424 quod
1421 2348 1554 2401 tam
1605 2334 1800 2400 multi
1837 2357 1876 2399 a
1903 2335 1968 2401 se

272 2441 425 2505 viai
454 2439 621 2504 vitio
650 2438 1141 2503 adversariorum
1184 2437 1638 2503 concidiffent:
1687 2459 1965 2524 namque

194 2565 247 2600 ιο
274 2541 385 2606 illa
434 2538 885 2618 multitudine,
940 2539 981 2602 fi
1030 2539 1177 2603 sana
1230 2561 1418 2604 mens
1471 2537 1620 2604 effet
1670 2538 1964 2621 Graeciae,

273 2644 666 2732 supplicium
717 2639 927 2704 Persas
976 2639 1129 2706 dare
1170 2639 1464 2726 potuiffe.
1554 2641 1762 2721 Idem,
1815 2663 1968 2706 cum

277 2743 667 2810 adversarios
698 2743 865 2808 intra
892 2741 1134 2806 moenia
1154 2741 1576 2828 compuliffet,
1603 2756 1691 2823 et,
1724 2756 1800 2808 ut
1831 2744 1968 2808 Co-

276 2847 571 2913 rinthum
602 2857 1030 2932 oppugnaret,
1059 2843 1255 2908 multi
1300 2843 1731 2922 hortarentur,
1762 2865 1966 2930 nega·-

280 2949 371 3014 vit
426 2948 499 3012 id
554 2947 685 3010 suae
734 2946 957 3009 virtuti
1008 2945 1370 3010 convenire.
1461 2947 1546 3008 Se
1589 2945 1766 3016 enim
1817 2967 1968 3010 eum

202 3078 253 3131 25
282 3050 397 3114 effe
426 3049 619 3127 dixit,
652 3046 765 3134 qui
796 3045 877 3110 ad
906 3045 1562 3132 officium'peccantes
1601 3044 1812 3110 redire
1855 3069 1974 3112 co·-

283 3165 489 3240 geret,
522 3171 657 3214 non
710 3147 824 3235 qui
878 3149 1068 3214 urbes
1110 3145 1522 3210 nobiliffimas
1575 3163 1974 3237 expugnaret

290 3253 580 3320 Graeeiae.
673 3251 836 3314 Nam
856 3249 945 3334 st,
977 3249 1215 3335 inquit,
1246 3269 1338 3310 eos
1375 3247 1726 3336 extinguere
1757 3252 1968 3315 volue-

289 3358 493 3432 rimus,
526 3353 629 3440 quz'
667 3351 956 3438 nobiscum
1004 3351 1293 3436 adversus
1343 3349 1628 3414 barbaros
1650 3351 1976 3436 steterunt,

290 3455 613 3544 nqsmetipfi
636 3479 737 3520 nos
766 3453 1334 3542 expugnaverimm,
1365 3451 1492 3516 illis
1531 3453 1972 3539 quiescentibus.

222 3588 271 3634 30
302 3557 763 3648 Quofafloſsne
804 3557 1060 3642 negotia,
1092 3579 1221 3618 cum
1270 3554 1596 3634 voluerint,
1621 3577 1725 3618 nas
1771 3559 1978 3644 oppri-

297 3675 472 3728 ment.

1022 3773 1129 3841 ις,
1226 3713 1229 3716 ’
1689 3760 1811 3824 VI.
1861 3760 1979 3823 In-
