2587 4402
905 464 1383 513 nnn-unns.
1950 466 1996 531 9

286 592 710 659 reconciliare
739 616 868 661 non
897 596 1119 682 pofl'et,
1138 599 1357 685 copias
1384 619 1423 663 e
1448 595 1723 663 navibus
1742 596 2007 679 eduxit,-

284 694 522 761 urbem
557 697 884 785 operibus
944 697 1186 781 claufit,
1251 700 1569 789 omnique
1624 712 2005 765 commeatu·

282 796 606 883 privavit:
653 798 911 879 deinde,
941 800 1148 867 vineis
1177 823 1256 867 ac
1298 801 1723 869 testudinibus
1758 800 1993 867 consti-

281 900 479 981 tutis,
509 902 775 989 propius
813 922 1034 971 muros
1073 904 1345 971 acceffit.
1406 894 1609 971 'cm'n
1630 904 1773 993 jam
1814 902 1883 967 in
1912 922 2000 967 eo

219 1014 248 1066 ⁵
281 1002 466 1083 estet,
497 1017 577 1071 ut
619 1004 860 1093 oppido
887 1006 1226 1093 potiretur,
1252 1007 1479 1095 procul
1522 1006 1587 1073 in
1628 1004 1993 1075 continenti

279 1103 510 1186 lucus,
544 1107 658 1193 qui
685 1130 766 1172 ex
806 1106 1014 1175 insula
1053 1108 1586 1197 conspiciebatur,
1616 1109 1829 1177 neseio
1860 1129 1993 1195 quo

284 1208 464 1289 casu,
527 1208 846 1277 nocturno
904 1222 1196 1299 tempore
1253 1210 1547 1277 incensus
1600 1210 1729 1277 est:
1806 1210 1995 1298 cujus

283 1310 560 1375 flamma
599 1322 676 1376 ut
711 1312 794 1377 ab
821 1311 1157 1399 oppidanis
1200 1326 1268 1379 et
1310 1312 1861 1403 oppugnatoribus
1904 1313 1993 1379 est

283 1410 444 1491 visa,
510 1412 798 1501 utrisque
849 1414 1028 1479 venit
1077 1414 1146 1481 in
1199 1416 1597 1503 opinionem,
1648 1415 1901 1503 {ignum
1952 1438 1995 1481 a

195 1534 254 1571 ιο
287 1511 616 1581 claffiariis
673 1514 872 1605 regiis
920 1515 1168 1585 datum.
1258 1518 1415 1584 Quo
1458 1516 1697 1583 factum
1754 1517 1862 1597 est,
1915 1529 1995 1583 ut

287 1628 357 1681 et
387 1616 560 1683 Parii
586 1640 626 1682 a
655 1616 984 1683 deditione
1016 1617 1511 1699 deterrerentur,
1546 1632 1615 1685 et
1656 1616 1995 1685 Miltiades

288 1719 539 1787 timens
574 1742 658 1787 ne
689 1720 888 1786 claffis
913 1720 1092 1809 regia
1113 1720 1507 1802 adventaret,
1536 1722 1803 1787 incensis
1832 1744 1994 1807 ope-

289 1820 501 1904 tibus,
533 1846 678 1911 quae
719 1824 1036 1905 statuerat,
1065 1845 1221 1889 cum
1260 1824 1535 1890 totidem
1579 1822 1847 1891 navibus
1890 1837 1993 1889 at-

295 1947 430 2011 que
455 1937 594 1991 erat
620 1924 968 2012 profectus,
997 1927 1292 1993 Athenas
1336 1949 1575 2015 magna
1604 1949 1753 1992 cum
1786 1926 1993 1993 offen-

207 2042 260 2094 ι5
296 2026 473 2093 fione
517 2027 758 2093 civium
802 2027 1058 2117 snorum
1103 2029 1364 2097 rediret.
1452 2030 1808 2097 Accusatus
1837 2052 1999 2118 ergo

294 2129 714 2218 proditionis,
742 2130 944 2218 quod,
975 2152 1126 2197 cum
1157 2132 1389 2197 Parum
1434 2154 1804 2222 expugnare
1847 2133 1993 2221 pos-

291 2233 416 2314 set,
464 2255 504 2298 a
547 2255 706 2322 rege
748 2246 1108 2322 corruptus,
1141 2233 1397 2300 infeRis
1435 2235 1645 2322 rebus,
1684 2257 1723 2298 a
1773 2257 1999 2322 pugna

296 2335 679 2402 disceffiffet.
769 2339 869 2402 Eo
909 2348 1198 2423 tempore
1231 2360 1405 2426 aeger
1432 2347 1566 2404 erat
1596 2335 1995 2416 vulneribus,

297 2463 454 2528 quae
483 2439 550 2504 in
582 2439 1022 2528 oppugnando
1049 2439 1289 2526 oppido
1319 2451 1669 2527 acceperat.
1740 2440 1993 2526 Itaque,

208 2565 268 2600 20
301 2541 616 2629 quoniam
665 2540 792 2631 ipse
833 2563 948 2628 pro
999 2539 1063 2606 se
1108 2541 1324 2606 dicere
1370 2562 1500 2606 non
1550 2539 1770 2628 poss'et,
1804 2540 2001 2606 verba

298 2665 420 2732 pro
449 2664 530 2708 eo
574 2641 730 2708 fecit
773 2641 967 2707 frater
1008 2642 1150 2729 ejus
1193 2640 1553 2730 Tisagoras.
1647 2641 1851 2706 Causa
1880 2663 1995 2705 co-

298 2745 514 2834 gnita,
545 2744 771 2832 capitis
812 2743 1164 2823 absolutus,
1215 2743 1488 2830 pecunia
1523 2743 1835 2808 multatus
1866 2744 1950 2808 est
1979 2767 1997 2808 e

301 2872 512 2938 eaque
569 2848 652 2914 lis
713 2848 1188 2936 quinquaginta
1234 2847 1494 2913 talentis
1546 2847 1849 2912 aestimata
1886 2849 1997 2927 est,

305 2965 591 3040 quantus
619 2950 685 3015 in
715 2950 966 3015 claffem
997 2951 1288 3038 sumptus
1320 2948 1527 3014 faetus
1559 2961 1715 3013 erat.
1807 2951 2000 3014 Hane

214 3075 272 3126 25
307 3054 650 3143 pecuniam
688 3051 868 3140 quod
896 3052 1134 3117 solvere
1179 3075 1309 3116 non
1342 3061 1612 3137 poterat,
1646 3049 1710 3114 in
1746 3050 2003 3116 vincula

307 3157 573 3246 publica
599 3157 930 3245 conjeetus
960 3158 1066 3237 est,
1100 3156 1324 3246 ibique
1368 3154 1541 3220 diem
1571 3155 1737 3222 obiit
1781 3155 1999 3245 supre-

309 3285 520 3328 mum.
607 3267 620 3282 ⁸
1318 3281 1331 3292 ·

399 3365 596 3432 VIII.
646 3364 778 3428 Hic
799 3363 906 3428 etfi
927 3363 1193 3427 crimine
1213 3363 1396 3429 Pario
1415 3364 1499 3428 est
1518 3363 1866 3442 accusatus,
1902 3376 2001 3426 ta-

312 3487 465 3530 men
484 3464 608 3530 alia
631 3463 754 3529 fuit
783 3463 972 3558 causa·
983 3465 1433 3530 damnationis.
1468 3467 1774 3552 Namque
1790 3463 2004 3528 Athe-

219 3593 282 3642 30
314 3569 562 3634 nienses
586 3580 843 3655 propter
861 3567 969 3631 Pifi
979 3568 1143 3632 strati
1164 3557 1600 3657 tyrannidem,
1619 3591 1765 3654 quae
1786 3567 2009 3653 paucis

313 3672 502 3737 annis
539 3682 690 3736 ante
735 3668 960 3756 suerat,
993 3669 1286 3736 omnium
1316 3670 1573 3736 suorum
1617 3669 1855 3736 civium
1888 3691 2007 3755 po·

1091 3791 1134 3835 Β
1165 3789 1208 3856 5
1414 3835 1435 3852 ,
1520 3847 1526 3852 ,
1738 3771 2011 3837 tentiam
