2587 4402
1348 924 1540 990 XIX.

1156 1124 1721 1201 PHOCION.

572 1370 650 1435 ·1.
684 1344 1132 1442 PHOCION
1179 1373 1590 1442 Atheniensis
1626 1375 1736 1440 etfi
1772 1374 1933 1463 saepe
1979 1377 2296 1446 exerciti-

589 1477 715 1542 bus
742 1476 1023 1564 praefuit,
1054 1476 1466 1565 summosque
1496 1476 1902 1565 magistratus
1943 1480 2143 1567 cepit,
2183 1496 2294 1548 ta-

588 1598 741 1643 men
770 1578 983 1643 multo
1011 1578 1152 1665 ejus
1182 1577 1400 1642 notior
1415 1577 1754 1665 integritas
1773 1578 1862 1642 est
1883 1578 2057 1660 vitae,
2081 1604 2290 1668 quam

583 1678 680 1745 rei
710 1679 1008 1745 militaris
1056 1680 1263 1745 labor.
1353 1680 1588 1767 Itaque
1623 1678 1816 1767 hujus
1847 1684 2160 1749 memoria
2197 1688 2288 1751 est

586 1780 791 1861 nulla,
822 1782 999 1846 illius
1028 1792 1249 1846 autem
1295 1802 1541 1868 magna
1569 1780 1776 1861 fama3
1825 1804 1905 1846 ex
1940 1805 2075 1869 quo
2115 1808 2282 1877 cog·
2350 1808 2380 1861 ς

585 1885 849 1951 nomine
874 1888 1100 1951 Bonus
1146 1887 1234 1951 est
1283 1884 1663 1973 appellatus·
1741 1884 1892 1949 Fuit
1921 1887 2098 1951 enim
2128 1912 2280 1976 per..

442 2064 447 2067 ·
582 1999 782 2075 petuo
826 2010 1091 2077 pauper,
1136 2010 1288 2053 cum
1334 1986 1676 2052 ditiffimus
1718 1987 1839 2053 effe
1884 1988 2088 2074 posset
2124 2013 2276 2078 pro-

576 2100 723 2175 pter
764 2088 1134 2179 frequentes
1161 2088 1411 2153 delatos
1461 2087 1766 2169 honoreS,
1809 2090 2278 2181 potestatesque

575 2190 885 2272 summas,
916 2217 1062 2282 quae
1092 2192 1154 2259 ei
1180 2215 1219 2258 a
1244 2190 1484 2281 populo
1524 2190 1862 2258 dabantur.
1953 2192 2087 2260 Hic
2117 2219 2270 2262 cum

574 2317 617 2360 a
659 2319 813 2385 rege
858 2296 1153 2384 Philippo
1198 2317 1470 2361 munera
1511 2317 1775 2382 magnae
1825 2296 2116 2382 pecuniae
2165 2322 2265 2365 re·
2309 2330 2364 2366 ιο

572 2399 891 2488 pudiaret,
920 2399 1250 2488 legatique
1271 2397 1681 2463 hortarentur
1700 2399 2014 2486 accipere,
2044 2401 2264 2468 fimul·

571 2523 700 2587 que
746 2502 1189 2582 admonerent,
1225 2501 1267 2565 fi
1308 2500 1441 2588 ipse
1487 2500 1592 2564 his
1635 2501 1824 2566 facile
1867 2516 2133 2585 careret,
2179 2505 2263 2571 li·
2328 2561 2337 2569 .

568 2603 743 2670 beris
795 2616 1014 2669 tamen
1066 2603 1193 2668 suis
1250 2603 1657 2690 prospiceret,
1708 2603 1944 2688 quibus
2001 2603 2264 2672 difficile

570 2705 720 2773 effet
749 2706 818 2772 in
847 2709 1097 2774 summa
1115 2719 1492 2796 paupertate
1519 2719 1760 2772 tantam
1787 2719 2115 2794 paternam
2149 2723 2258 2776 tu-

566 2808 661 2874 eri
690 2810 970 2900 gloriam
999 2835 1014 2874 ε
1062 2809 1165 2874 his
1208 2809 1345 2889 ille,
1381 2807 1449 2872 Si
1475 2808 1590 2874 mei
1610 2808 1847 2894 similes
1877 2823 2074 2892 erunt,
2105 2813 2260 2878 idem
2296 2844 2346 2899 ις

567 2911 685 2992 hic,
718 2913 955 3000 inquit,
989 2911 1225 2998 agellus
1254 2909 1390 2975 illos
1420 2909 1568 2996 alet,
1601 2911 1704 2997 qui
1731 2933 1820 2973 me
1848 2911 1938 2974 ad
1961 2913 2118 2977 hanc
2155 2916 2256 2980 di-

558 3013 859 3100 gnitatem
880 3013 1168 3102 perduxit
1188 3037 1209 3076 .·
1234 3011 1340 3096 fin
1366 3009 1662 3098 dffmiles
1687 3013 1843 3098 sunt
1847 3011 2088 3098 futuri,
2123 3017 2258 3083 nolo

562 3115 706 3179 meis
733 3115 1001 3202 impensis
1023 3115 1263 3180 illorum
1289 3115 1382 3180 ali
1410 3115 1737 3202 augerique
1765 3115 2096 3184 luxuriam.

651 3217 744 3280 ΙΙ.
790 3215 1020 3280 Eidem
1074 3239 1225 3280 cum
1274 3237 1473 3302 prope
1521 3217 1605 3281 ad
1653 3239 1894 3282 annum
1935 3217 2253 3307 octogefi-

559 3339 745 3386 mum
776 3317 1067 3404 prospera
1096 3317 1408 3384 manfiffet
1435 3317 1717 3398 fortuna,
1749 3319 2050 3384 extremis
2077 3335 2250 3388 tem·
2283 3365 2339 3404 20

558 3425 827 3514 poribus
872 3446 1187 3512 magnum
1234 3423 1301 3488 in
1354 3425 1578 3490 odium
1638 3424 1931 3510 pervenit
1988 3425 2250 3494 suorum

558 3529 823 3595 civium.
893 3528 1107 3594 Primo
1136 3549 1289 3592 cum
1319 3527 1615 3592 Demade
1644 3527 1726 3592 de
1753 3527 1911 3591 urbe
1939 3529 2246 3596 tradenda

554 3629 902 3720 Antipatro
939 3629 1366 3733 consenserat3
1418 3626 1676 3716 ejusque
1705 3629 1964 3694 confilio
1993 3629 2242 3798 {emo-
2299 3701 2304 3708 ,

2045 3732 2242 3802 henes

2503 2921 2505 2967 i

2499 2977 2503 3029 1
