2587 4402
982 411 1252 493 aaran
1268 444 1378 493 ns.
1941 430 2022 513 85

330 567 579 637 bellum
610 596 627 651 ς
674 592 825 639 cum
868 566 1075 641 nihilo
1103 578 1339 665 magiS,
1371 597 1453 643 ne
1481 600 1680 665 quam
1712 578 2023 666 ‘suspicio-

329 695 479 739 nem
543 676 642 739 illi
696 678 1012 763 praeberet
1078 678 1468 760 insidiarum,
1541 701 1754 767 neque
1818 681 2022 745 collo-

325 778 563 863 quium
596 777 735 865 ejus
784 780 1037 866 petivit,
1071 804 1285 868 neque
1331 783 1398 846 in
1447 782 1858 869 conspectum
1911 804 2024 847 ve-

214 944 219 951 ,
326 880 469 951 nire
500 881 759 946 studuit.
834 882 961 955 ‚Sic
988 882 1215 947 absens
1244 884 1597 949 amicitiam
1626 883 1917 971 gerebat,
1950 896 2026 947 ut

254 993 287 1045 5
326 1008 461 1049 non
494 986 826 1051 beneficiis
854 987 1121 1069 mutuiS,
1154 986 1260 1054 sed
1290 988 1446 1053 odio
1467 987 2026 1076 communi5quod

323 1110 485 1175 erga
516 1090 766 1175 Regem
796 1088 1214 1177 susceperant,
1248 1090 1560 1155 contineri
1591 1091 1980 1156 viderentur.

414 1191 545 1255 XI.
593 1190 674 1254 Id
724 1214 875 1255 cum
934 1192 1083 1257 satis
1136 1191 1197 1256 se
1248 1192 1636 1257 confirmasse
1679 1194 2026 1257 arbitratus

326 1293 442 1372 est,
474 1292 812 1357 certiorem
844 1292 998 1357 facit
1049 1296 1374 1361 Datamen
1421 1306 1676 1380 tempus
1728 1294 1848 1357 effe
1880 1316 2020 1357 ma-

314 1395 500 1482 jores
529 1394 851 1459 exercitus
868 1395 1093 1481 parari,
1126 1410 1194 1461 et
1222 1396 1348 1462 bell
1359 1420 1466 1461 um
1500 1419 1650 1461 cum
1681 1397 1813 1483 ipso
1843 1398 2024 1483 Rege

233 1524 293 1557 10
326 1494 597 1582 suscipi:
646 1494 728 1559 de
769 1518 898 1582 qua
950 1518 1043 1573 re,
1098 1498 1139 1561 fi
1200 1498 1260 1561 ei
1315 1497 1660 1576 videretur,
1694 1519 1826 1583 quo
1876 1496 2025 1563 loco

326 1596 533 1661 vellet
565 1598 631 1660 in
665 1597 1063 1684 colloquium
1097 1599 1368 1663 veniret.
1459 1600 1728 1662 Probata
1756 1620 1848 1677 re,
1879 1586 2036 1663 col-⁵

325 1698 641 1785 loquendi
684 1712 937 1784 tempus
982 1699 1275 1779 sumitur,
1309 1699 1636 1787 locusque,
1679 1721 1812 1785 quo
1862 1720 2021 1763 con-

328 1801 687 1865 veniretur.
802 1802 955 1865 Huc
1018 1799 1436 1864 Mithridates
1499 1823 1648 1865 cum
1709 1822 1865 1879 un0,
1917 1801 2025 1865 cui

328 1902 689 1967 maximam
723 1902 1000 1967 habebat
1029 1903 1245 1981 fidem,
1276 1916 1426 1967 ante
1459 1902 1710 1990 aliquot
1737 1901 1874 1967 dies
1909 1924 2020 1967 ve-

236 2022 291 2069 15
329 2005 457 2083 nit,
522 2005 1081 2095 compluribusque
1142 2004 1304 2069 locis
1352 2004 1698 2091 „separatim
1769 2003 2022 2090 gladios

326 2108 577 2186 obruit,
608 2130 811 2195 eaque
856 2108 999 2171 loca
1044 2096 1394 2195 diligenter
1441 2120 1645 2171 notat.
1737 2106 1878 2193 Ipso
1906 2129 2023 2171 au-

326 2224 467 2274 tem
520 2209 935 2296 colloquendi
990 2210 1096 2274 die
1147 2209 1433 2296 utrique,
1481 2209 1700 2273 locum
1748 2208 1858 2293 qui
1907 2231 2021 2272 ex-

327 2312 678 2398 plorarent,
731 2322 927 2398 atque
980 2310 1147 2396 ipsos
1202 2312 1652 2390 scrutarentur,
1705 2310 1978 2374 mittunt
2001 2334 2020 2373 :

330 2415 571 2480 deinde
598 2415 707 2502 ipfi
749 2414 897 2478 sunt
924 2413 1257 2499 congreffi.
1349 2414 1506 2495 Hic,
1549 2437 1699 2478 cum
1731 2412 2020 2498 aliquan-

236 2531 295 2568 20
330 2519 449 2582 diu
480 2519 545 2582 in
579 2516 911 2602 colloquio
939 2513 1215 2594 fument,
1248 2525 1316 2578 et
1352 2514 1572 2578 diversi
1605 2513 2022 2593 disceffifl'ent,

316 2621 595 2708 jamque
646 2617 869 2706 procul
922 2619 1235 2682 Datames
1266 2616 1524 2696 abesset,
1575 2616 2022 2704 Mithridates,

331 2725 696 2812 priusquam
728 2723 813 2786 ad
846 2722 991 2786 suos
1038 2720 1420 2806 perveniret,
1455 2743 1536 2785 ne
1583 2741 1781 2807 quam
1826 2719 2024 2805 suspi-

334 2829 589 2892 cionem
636 2838 909 2913 pareret,
963 2824 1029 2888 in
1078 2823 1356 2888 eundem
1385 2824 1600 2888 locum
1639 2823 2020 2902 revertitur3

332 2943 530 3016 atque
572 2929 691 3006 ibi,
722 2927 837 2992 ubi
884 2925 1085 2990 telum
1136 2938 1272 2990 erat
1321 2927 1620 3012 positum,
1652 2924 1905 3004 resedit,
1951 2939 2028 2988 ut

237 3046 299 3096 ²5
335 3031 374 3094 fi
427 3053 467 3094 a
506 3029 859 3094 laffitudine
900 3040 1167 3114 cuperet
1202 3026 1626 3113 acquiescere,
1667 3028 2023 3091 Datamen-

334 3154 465 3220 que
491 3129 833 3208 revocavit,
858 3128 1153 3192 simulans
1175 3127 1237 3191 se
1266 3124 1574 3212 quiddam
1601 3128 1668 3191 in
1699 3128 2027 3216 colloquio

336 3233 459 3297 effe
514 3233 818 3297 oblitum.
914 3229 1180 3294 Interim
1241 3229 1472 3309 telum,
1521 3231 1698 3317 quod
1759 3229 2024 3310 latebat,

336 3334 635 3421 protulit,
692 3331 1141 3418 nudatumque
1200 3329 1436 3418 vagina
1493 3331 1658 3394 veste
1717 3331 1903 3409 texit,
1953 3353 2033 3394 ac-

336 3435 604 3502 Datami
637 3435 919 3499 venienti
963 3435 1076 3511 ait,
1108 3433 1582 3520 digredientem
1624 3434 1687 3498 se
1733 3432 2028 3496 animad-

246 3538 587 3612 30‘vertiffe
618 3538 835 3624 locum
867 3535 1213 3624 quendam,
1245 3535 1360 3622 qui
1390 3547 1525 3598 erat
1563 3535 1630 3596 in
1661 3533 2027 3620 conspecqm,

342 3641 424 3707 ad
475 3641 669 3706 castra
716 3638 1010 3726 ponenda
1036 3637 1370 3702 idoneum.
1463 3635 1686 3700 Quem
1730 3655 1880 3698 cum
1923 3632 2027 3696 di-

720 3743 727 3754 *
1888 3731 2032 3820 gito
