2587 4402
570 413 687 482 viii
1203 431 1645 490 mauric.

570 567 1017 636 meticulosam
1046 572 1480 659 prudentiam,
1511 571 1901 661 inexpletam
1941 572 2139 638 famae
2181 574 2261 639 fi-

568 672 719 756 tim,
780 687 851 740 et
907 674 1347 762 importunam
1407 677 1792 743 Consulatus
1838 675 2262 764 jactantiamJ

564 775 793 862 ecquis
840 775 1109 842 solidam
1162 779 1472 843 Romanae
1507 779 1914 866 ‚eloquentiae
1962 778 2118 858 vim,
2147 791 2261 844 aut

566 875 874 942 sermonis
913 878 1133 944 Latini
1176 881 1466 946 Veneres
1509 881 1818 945 suavitate
1863 879 2262 962 diffluenteS,

564 997 651 1042 ex
686 977 930 1044 insulsis
980 980 1360 1067 quibusdam
1395 981 1568 1070 jocis
1610 981 2060 1068 deprehendit,
2091 1005 2264 1071 quos

564 1079 791 1172 Tullii,
802 1081 900 1145 ori
929 1079 1191 1147 inseruit
1220 1083 1510 1170 Scriptor
1537 1106 1684 1149 vere
1711 1084 2087 1149 Boeoticus?
2125 1087 2260 1150 Ec-

564 1180 713 1270 quis
758 1183 1144 1248 Suetonium
1182 1185 1498 1271 patienter
1538 1185 1720 1273 legat
1759 1185 2067 1250 secretam
2099 1186 2256 1251 ‘Cae-

562 1283 771 1347 sarum
802 1284 1269 1370 turpitudinem
1303 1287 1686 1352 cunctanter
1714 1299 1783 1350 et
1821 1286 2048 1372 putide
2089 1286 2256 1354 defi-

562 1397 874 1472 gnantem
900 1389 924 1450 ὶ
974 1387 1087 1452 Ob
1116 1385 1242 1451 hoc
1272 1394 1448 1452 certe
1475 1409 1606 1451 non
1647 1399 1780 1451 tam
1809 1387 2022 1468 laude,
2055 1411 2262 1476 quam

562 1487 880 1574 vituperio
925 1487 1230 1576 dignum,
1282 1487 1460 1576 quod
1518 1488 1741 1553 eadem
1794 1489 2059 1554 licentia
2113 1491 2255 1555 Im-

470 1670 478 1675 ·
556 1600 927 1675 peratorum
984 1589 1217 1680 scelera
1272 1589 1658 1676 exposuerit,
1717 1611 1847 1678 qua
1912 1589 2022 1676 ipfi
2088 1591 2259 1656 olim

563 1703 1030 1778 perpetrarunt.
1110 1691 1344 1782 ¹Multa
1383 1690 1632 1756 sanein
1675 1690 1828 1756 vitae
1871 1691 2092 1756 fabula
2133 1715 2254 1759 oc·-

557 1805 857 1872 currunt,
888 1817 1035 1880 quae
1064 1815 1193 1858 non
1243 1792 1312 1864 in
1351 1793 1606 1858 scenam
1649 1791 2028 1880 proferenda
2054 1793 2254 1876 sunt}

554 1894 767 1960 multa
808 1894 955 1961 sunt
980 1893 1193 1984 lepida
1219 1906 1287 1964 et
1329 1894 1646 1982 jucunda,
1677 1918 1828 1990 quae
1871 1894 2154 1984 graviter
2180 1909 2254 1964 et

555 1993 853 2060 historica
908 1995 1034 2058 fide
1092 2015 1383 2060 enarrate
1431 1995 1890 2083 ineptiffimum
1941 1995 2198 2062 videtur
2221 2023 2243 2064 ε

551 2097 767 2163 multa
807 2099 955 2163 sunt
1004 2096 1171 2162 levia
1208 2109 1277 2162 et
1306 2097 1633 2178 indecora,
1663 2120 1811 2184 quae
1863 2110 2082 2164 tamen
2137 2099 2245 2164 di—

553 2201 819 2291 vulgare
864 2201 1276 2280 inhonestum,
1299 2201 1386 2267 est
1413 2225 1435 2282 3
1481 2200 1682 2267 nimia
1729 2201 1906 2267 enim
1945 2203 2071 2268 ⁴lux
2121 2226 2244 2271 nee

466 2360 469 2362 Α
544 2302 867 2391 piEturam
918 2303 1127 2384 decet,
1180 2324 1302 2368 nec
1353 2302 1579 2384 vitam,
1621 2304 1805 2390 opaci
1851 2304 2123 2385 coloreS,
2165 2314 2246 2370 ut

546 2401 931 2495 plurimum,
960 2414 1305 2491 utramque
1331 2403 1568 2469 meiius
1596 2405 2079 2473 commendant.

634 2506 803 2570 Haec
849 2527 997 2570 cum
1047 2506 1251 2570 noster
1295 2506 1521 2571 auctor
1553 2506 1772 2571 animo
1815 2506 2240 2595 perspexiss'et,

531 2605 639 2674 ita
686 2606 1129 2669 Excellentium
1174 2606 1603 2695 Imperatorum
1661 2608 1836 2673 Vitas
1884 2610 2242 2693 subtexuit,

478 2753 488 2755 --
544 2720 623 2773 ut
666 2729 879 2797 nequ-e
926 2728 1027 2773 res
1072 2707 1269 2773 fufius
1314 2708 1719 2795 explicuerit,
1751 2730 1962 2797 neque
2010 2709 2244 2777 leviter

540 2822 799 2875 tantum
846 2808 1323 2897 perstrinxerit3
1371 2808 1537 2873 nihil
1589 2810 1836 2889 retulit,
1860 2809 2050 2899 'quod
2103 2832 2238 2876 non

540 2925 909 2981 memoratu
935 2912 1237 2999 dignum,-
1270 2910 1438 2977 nihil·
1481 2911 1902 2997 praetermifit,
1935 2912 2110 2998 quod
2151 2912 2240 2979 ad

536 3013 1020 3101 exprimendam
1074 3012 1288 3077 herois
1343 3012 1690 3100 cujuspiam
1741 3012 2121 3099 imaginem,
2167 3026 2238 3080 et

537 3116 693 3183 vitae
720 3115 1251 3181 consuetudinem
1276 3113 1724 3183 declarandam
1757 3116 2076 3201 pertinet3
2112 3116 2230 3181 ad·

535 3240 617 3285 eo
674 3230 751 3283 ut
806 3217 1125 3282 lectorum
1184 3216 1436 3281 animos
1493 3217 1770 3301 expleat,
1827 3238 1957 3279 non
2018 3218 2228 3301 satiet,

531 3321 821 3400 instruat,
846 3341 977 3383 non
1007 3318 1261 3405 fatiget.
1319 3320 1387 3383 Si
1417 3317 1683 3383 saltandi
1715 3319 2037 3405 peritiam,
2071 3346 2225 3409 quae

530 3423 692 3488 olim
740 3421 989 3487 Graeeis
1010 3421 1275 3485 summae
1324 3420 1500 3485 laudi
1549 3419 1696 3499 fuit,
1729 3421 1900 3485 inter
1947 3423 2223 3508 Epami..

528 3525 765 3593 nondae
814 3524 1085 3589 virtutes
1134 3522 1342 3610 ponit,
1377 3522 1442 3586 id
1479 3522 1826 3609 prudenter
1868 3537 2092 3589 monet
2120 3524 2225 3591 le-

518 3628 761 3710 stores,
790 3648 875 3692 ne
902 3626 1151 3691 alienos
1190 3646 1406 3691 mores
1447 3623 1532 3691 ad
1575 3624 1720 3689 suos
1767 3622 2066 3707 referant,
2101 3648 2224 3692 ne·

2071 3751 2206 3817 que
