2587 4402
955 416 1359 471 tentus.
1881 416 2009 485 115

314 548 413 615 fus
442 544 857 641 'Antigonum
906 552 1323 641 comparavit.
1415 552 1616 621 Quod
1661 574 1792 619 una
1819 566 2005 621 erant

308 652 705 719 Macedones
727 654 1094 742 complures
1123 656 1401 736 nobiles,
1427 655 1492 719 in
1517 654 1620 719 his
1653 658 2002 737 Peucestes,

306 754 418 841 qui
448 746 737 842 corporis
782 756 987 822 custos
1030 756 1242 822 fuerat
1288 756 1666 836 Alexandri,
1701 768 1840 821 tum
1883 778 2002 822 au-

305 856 431 919 t'em
488 857 831 923 obtinebat
882 858 1221 935 Persidem,
1266 870 1334 923 et
1382 856 1774 945 Antigenes,
1819 857 2004 945 cujus

252 975 276 1027 5
302 956 413 1023 sub
434 956 714 1045 imperio
738 955 1014 1045 phalanx
1035 972 1172 1025 erat
1199 960 1666 1039 Macedonum,
1693 959 2002 1025 invidiam

300 1080 546 1137 verenS,
555 1080 757 1145 quam
774 1074 995 1125 tamen
1014 1060 1300 1148 effugere
1319 1082 1450 1125 non
1473 1060 1710 1147 potuit,
1722 1062 1764 1124 fi
1786 1061 2004 1148 potius

296 1159 423 1247 ipse
450 1160 824 1248 alienigena
852 1163 1087 1227 summi
1134 1162 1389 1249 imperii
1429 1162 1767 1248 potiretur,
1797 1184 1999 1255 quam

294 1262 402 1327 alii
448 1262 926 1344 Macedonum,
958 1284 1237 1349 quorum
1282 1263 1377 1327 ibi
1429 1274 1567 1327 erat
1611 1262 1994 1343 multitudo,

294 1364 359 1429 in
388 1366 733 1452 principiis
760 1364 1027 1431 nomine
1053 1365 1406 1431 Alexandri
1435 1366 1652 1431 statuit
1693 1366 1995 1430 taberna-

212 1492 268 1529 ιο
294 1465 565 1545 culum3
598 1467 665 1529 in
698 1488 911 1555 eoque
932 1466 1152 1531 sellam
1180 1488 1440 1573 auream
1469 1488 1624 1533 cum
1651 1466 1898 1553 seeptro
1919 1488 1998 1533 ac

294 1566 664 1633 diademate
702 1568 885 1656 juffit
928 1570 1106 1655 poni,
1156 1589 1374 1657 eoque
1416 1587 1648 1633 omnes
1699 1567 1998 1655 quotidie

293 1670 664 1748 convenire,
696 1682 778 1733 ut
800 1670 896 1734 ibi
922 1670 1007 1735 de
1050 1670 1320 1735 summis
1365 1672 1558 1734 rebus
1593 1667 1852 1735 confilia
1879 1690 2002 1733 ca-

291 1784 600 1859 perentur
611 1794 633 1851 3
666 1770 937 1837 credens
962 1772 1211 1836 minore
1238 1771 1303 1835 se
1327 1770 1570 1835 invidia
1593 1770 1752 1851 fore,
1779 1770 1821 1834 fi
1851 1770 1997 1857 spe-

292 1874 385 1938 cie
412 1872 701 1961 imperii,
732 1871 1141 1959 nominisque
1184 1871 1590 1935 simulatione
1636 1869 1994 1937 Alexandri

208 1996 265 2052 ¹5
292 1976 545 2043 bellum
580 1974 903 2041 videretur
946 1974 1420 2041 administrare:
1469 1974 1650 2063 quod
1697 1987 1768 2039 et
1807 1974 1990 2043 fecit&
2058 1964 2071 1969 “

288 2077 487 2157 Nam,
520 2098 679 2143 cum
717 2098 851 2141 non
895 2075 981 2140 ad
1026 2076 1342 2141 Eumenis
1386 2074 1721 2164 principia,
1753 2074 1860 2140 sed
1905 2076 1994 2141 ad

287 2181 467 2270 regia
520 2179 997 2261 conveniretur,
1028 2193 1225 2268 atque
1255 2179 1348 2245 ibi
1377 2180 1460 2246 de
1498 2180 1706 2245 rebus
1737 2176 1988 2245 delibea

286 2297 559 2364 raretur,
592 2282 1075 2371 quodammodo
1102 2281 1393 2365 latebam
1433 2302 1591 2349 cnm
1616 2293 1841 2347 tamen
1871 2303 2002 2370 Ρη

286 2409 435 2452 eum
466 2406 681 2451 unum
709 2397 1089 2474 gererentur
1114 2378 1358 2450 omnia.

197 2519 255 2556 20
365 2491 573 2556 VIII.
618 2489 753 2553 Hic
792 2489 859 2553 in
903 2489 1239 2553 Paraetacis
1265 2511 1420 2554 curn
1449 2482 1794 2575 Antigono
1824 2509 1986 2554 con-

282 2591 447 2656 flixit
466 2613 612 2654 non
642 2589 1137 2671 acie‘instruaa,
1160 2588 1269 2654 sed
1318 2589 1383 2653 in
1413 2589 1670 2670 itinere,
1697 2603 1988 2677 eumque

281 2692 455 2758 male
502 2705 840 2777 acceptum
886 2691 955 2755 in
1002 2683 1300 2756 Mediam
1349 2691 1714 2758 hiematum
1765 2691 1986 2779 coegit

278 2793 517 2860 redire.
564 2793 704 2880 Ipse
733 2793 802 2858 in
832 2791 1111 2856 finitima
1134 2791 1404 2880 regione
1437 2792 1700 2858 Perfidia
1729 2792 1986 2856 hiema-

278 2907 427 2962 tum
456 2895 679 2982 copias
700 2893 931 2974 divifit,
956 2881 1087 2958 non
1112 2907 1188 2960 ut
1212 2895 1443 2977 voluit,
1463 2896 1572 2960 sed
1597 2906 1674 2958 ut
1693 2893 1988 2960 militum.

192 3021 247 3074 ⁸5
279 2997 567 3086 cogebat
593 2997 915 3062 voluntas,
974 2996 1308 3084 Namque
1331 2997 1444 3062 illa
1467 2997 1751 3085 phalanx
1773 2996 1981 3062 Alex-

279 3097 465 3164 andri
512 3098 776 3186 Magni,
824 3121 973 3184 quae
1016 3099 1235 3162 Asiam
1279 3112 1748 3186 peragraverat,
1793 3099 1983 3165 ‹levi-s

280 3211 589 3287 ceratque
636 3199 873 3279 Persas,
934 3191 1285 3264 inveterata
1340 3223 1492 3267 cum
1550 3203 1782 3292 gloria,
1833 3214 1980 3268 tum

282 3303 481 3369 etiam
508 3301 796 3380 licentia,
829 3323 957 3366 non
996 3320 1217 3388 parere
1257 3301 1328 3367 se
1369 3303 1654 3370 ducibus
1695 3305 1804 3369 sed
1849 3305 1980 3368 im-

282 3423 502 3492 perare
530 3402 915 3490 postulabat3
954 3415 1030 3466 ut
1056 3425 1233 3469 nunc
1262 3405 1544 3472 veterani
1574 3405 1976 3500 faciantne-

200 3527 257 3576 30
286 3505 411 3570 stri.
501 3507 733 3592 Itaque
776 3503 1136 3590 periculum
1180 3505 1292 3586 est,
1331 3520 1424 3572 'ne
1473 3505 1741 3584 faciant,
1798 3503 1980 3591 quod
2093 3497 2111 3510 “

285 3609 383 3676 ini
408 3607 701 3678 fecerunt
726 3607 837 3675 sua
863 3608 1377 3706 intemperantia,
1407 3607 1738 3698 nimiaque
1758 3605 1976 3676 ‚licen-2

1861 3709 1980 3790 tia,
