2587 4402
502 405 585 458 12
808 449 813 452 .
1022 399 1658 458 THEMLSTOCLBS.

588 541 684 604 11.
708 536 958 604 Primus
988 551 1206 604 autem
1230 534 1472 625 gradus
1500 533 1627 601 fuit
1656 521 2042 618 capefl‘endae
2071 519 2230 589 rei-

506 642 794 732 publicae
841 640 1027 706 bello
1064 641 1452 728 Corcyrae03
1500 636 1582 702 ad
1630 633 1806 722 quod
1835 626 2226 718 gerendum

509 758 749 834 praetor
808 766 847 808 a
892 743 1133 830 populo
1186 740 1422 822 faetus,
1467 760 1600 804 non
1645 736 1854 802 solum
1910 725 2228 818 praesenti

512 845 718 925 bello,
773 843 881 909 sed
935 843 1131 908 etiam
1180 842 1440 928 reliquo
1483 853 1778 925 tempore
1823 832 2228 900 ferociorem

518 947 806 1016 reddidit
847 945 1200 1010 civitatem.
1287 945 1468 1008 Nam
1497 963 1650 1006 cum
1687 935 1960 1026 pecunia
1986 930 2222 1021 publi-
2275 936 2321 992 5

521 1072 621 1132 ca,
651 1073 800 1138 quae
833 1070 911 1112 ex
954 1045 1232 1110 metallis
1277 1043 1550 1123 redibat,
1583 1039 1928 1126 largitione
1969 1031 2226 1122 magis-

523 1162 813 1216 tratuum
856 1145 1202 1236 quotannis
1240 1145 1572 1225 interiret3
1620 1141 1732 1208 ille
1774 1138 2070 1229 persuasit
2097 1157 2231 1222 po·-

528 1253 707 1342 pul0,
728 1265 805 1319 ut
832 1274 907 1317 ea
936 1249 1212 1340 pecunia
1240 1247 1440 1313 claffis
1468 1257 1730 1312 centum
1764 1243 2029 1310 navium
2062 1239 2234 1304 aedi-

532 1348 853 1424 ficaretu'r.
944 1353 1094 1420 Qua
1124 1351 1420 1434 celeriter
1461 1349 1581 1416 effe
1589 1351 1715 1430 osta,
1746 1348 2024 1436 primum
2059 1345 2240 1408 Cor-

536 1483 781 1549 cyraeos
812 1458 1031 1547 fregit,
1052 1439 1312 1538 deinde,
1337 1441 1692 1521 maritimos
1721 1452 2054 1542 praedones
2069 1469 2246 1512 con-
2293 1459 2370 1494 ΞΘ

536 1561 856 1642 feei-ande,
890 1583 1067 1626 mare
1116 1572 1333 1625 tutum
1383 1558 1686 1624 reddidit.
1778 1558 1854 1620 In
1901 1575 2034 1641 quo
2077 1573 2259 1648 cum-

543 1661 785 1728 divitiis
844 1662 1118 1741 ornavit,
1180 1675 1324 1726 tum
1379 1661 1574 1725 etiam
1627 1657 2028 1746 peritiffimos
2076 1653 2246 1720 belli

545 1763 787 1829 navalis
844 1762 999 1830 fecit
1060 1763 1509 1828 Athenienses,
1569 1762 1681 1827 -Id
1734 1771 1996 1849 quantae
2047 1755 2244 1822 saluti
2326 1805 2334 1813 .

545 1863 742 1931 fuerit
764 1861 1071 1930 universae
1093 1866 1387 1948 Graeciae,
1406 1867 1582 1933 bello
1607 1867 1947 1954 cognitum
1977 1866 2064 1930 est
2089 1866 2248 1929 Per·-

552 1968 697 2033 fico.
782 1967 957 2031 Nam
988 1991 1138 2032 curn
1190 1969 1436 2034 Xerxes
1487 1982 1554 2033 et
1595 1967 1756 2033 mari
1785 1979 1854 2032 et
1896 1980 2060 2033 terra
2096 1964 2245 2031 bel-
2297 1974 2366 2028 ¹⁵

551 2068 695 2138 lutri
722 2070 1025 2136 universae
1060 2071 1323 2137 inferret
1349 2075 1646 2160 Europae,
1671 2073 1830 2138 'bum
1861 2070 2058 2136 tantis
2101 2091 2252 2134 eam

559 2174 1023 2263 copiisinvafit‚
1057 2189 1328 2263 quantas
1359 2197 1572 2265 neque
1601 2189 1810 2257 antea,
1835 2197 2046 2263 neque
2075 2172 2255 2260 post-

558 2300 639 2343 ea
672 2277 903 2343 habuit
930 2278 1290 2367 quisquam.
1389 2278 1606 2367 Hujus
1649 2280 1823 2345 enim
1853 2278 2054 2343 olaffis
2097 2274 2254 2340 mil-
2347 2282 2353 2287 ’

563 2378 629 2443 le
659 2390 724 2443 et
752 2378 1177 2445 ducentarum
1210 2381 1470 2447 navium
1501 2381 1844 2469 longarum
1875 2381 2025 2461 fuit,
2058 2400 2258 2467 quam

565 2478 700 2545 duo
726 2479 932 2545 millia
958 2482 1386 2577 onerariarpm
1429 2481 1891 2569 sequebantur:
1939 2482 2260 2547 terrestres
2298 2500 2366 2538 ιο

566 2595 787 2647 autem
818 2582 1134 2647 exercitus
1175 2582 1730 2672 septingentorum
1757 2584 2039 2649 millium
2073 2582 2262 2670 pedi-

570 2692 741 2766 tum,
779 2682 1074 2769 equitum
1117 2685 1740 2773 quadringentorum
1793 2686 2070 2751 millium
2117 2684 2266 2767 fue7

571 2796 749 2851 runt.
840 2784 1047 2873 Cujus
1098 2786 1181 2849 de
1228 2787 1508 2853 adventu
1557 2782 1710 2855 cum
1755 2789 1924 2855 fama
1961 2790 2029 2853 in
2073 2791 2266 2853 Grae-

476 2958 481 2964 .
574 2887 747 2953 ciam
782 2886 932 2952 effet
962 2886 1227 2973 perlata,
1262 2902 1330 2952 et
1357 2889 1636 2955 maxime
1663 2892 2094 2957 Athenienses
2135 2890 2273 2977 peti

580 2988 948 3055 dicerentur
988 3004 1247 3076 propter
1283 3012 1572 3079 pugnam
1607 2980 2110 3073 Marathoniam,
2142 2993 2268 3057 mi·
2307 3018 2368 3071 25

582 3088 800 3155 serunt
848 3090 1139 3177 Delphos
1186 3094 1574 3174 consultum,
1630 3096 1940 3184 quidnam
1991 3096 2278 3163 facerent

586 3192 669 3257 de
716 3194 906 3260 rebus
948 3194 1099 3259 suis,
1188 3196 1712 3265 Deliberantibus
1743 3202 1974 3288 Pythia
2017 3201 2273 3288 respon-

590 3294 714 3375 dit,
743 3288 822 3359 ut
869 3296 1193 3363 moenibus
1237 3298 1470 3385 ligneis
1500 3300 1564 3365 se
1607 3302 1958 3391 munigent.
2049 3302 2129 3367 Id
2175 3323 2276 3367 re-

592 3396 883 3483 sponsum
944 3420 1077 3483 quo
1124 3398 1363 3463 valeret
1402 3423 1554 3468 cum
1615 3403 2011 3490 intelligeret
2059 3426 2276 3484 nemO,

594 3498 1061 3566 Themistocles
1090 3502 1408 3588 persuafit.
1428 3504 1758 3569 confilium
1789 3506 1910 3569 effe
1939 3506 2278 3591 Apollinis,
2315 3527 2372 3575 30

600 3599 773 3667 utin
818 3623 1011 3711 naves
1043 3604 1104 3669 se
1134 3602 1367 3693 suaque
1409 3604 1814 3671 conferrent:
1861 3628 2008 3671 eum
2043 3607 2220 3671 enim
2249 3630 2286 3670 a

2169 3708 2288 3789 deo
