2587 4402
552 431 638 500 82
1204 454 1602 502 munes.

555 580 744 662 culit,
788 593 858 649 et
898 582 1108 649 hostes
1148 584 1558 675 profligavit3
1606 594 1697 663 et,
1742 579 1921 670 quod
1954 578 2033 645 ad
2071 576 2254 645 suam

556 684 911 771 perniciem
942 685 1153 753 fuerat
1177 688 1568 775 cogitatum,
1601 685 1667 750 id
1698 684 1781 750 ad
1807 683 2077 749 salutem
2101 704 2258 745 con-

555 785 773 851 vertit.
867 786 1027 853 Quo
1070 808 1284 875 neque
1330 788 1586 853 acutius
1613 786 1812 852 ullius
1849 782 2260 871 imperatoris

561 886 957 975 cogitatum,
991 910 1206 976 neque
1249 888 1524 955 celerius
1566 887 1810 954 factum
1857 885 2126 973 usquam
2157 884 2254 949 le-

558 1010 806 1076 gimus·
2233 1048 2246 1055 -

646 1092 807 1155 VII.
854 1092 964 1157 Ab
994 1092 1122 1157 hoc
1154 1104 1372 1158 tamen
1405 1092 1542 1159 viro
1581 1088 1902 1159 Schismas
1930 1088 2260 1153 maximus

562 1204 720 1257 natu
752 1192 922 1259 filius
950 1192 1199 1274 desciit,
1232 1194 1445 1282 adque
1489 1196 1736 1282 Regem
1773 1190 2043 1270 transsit,
2075 1203 2143 1253 et
2175 1189 2260 1253 de

560 1292 925 1360 defectione
954 1296 1152 1383 patris
1180 1296 1444 1363 detulit.
1536 1298 1696 1362 Quo
1743 1293 1976 1359 nuntio
2020 1294 2260 1357 Artax-

564 1420 743 1463 erxes
795 1413 1189 1479 commotuS,
1242 1400 1422 1487 quod
1478 1400 1894 1489 intelligebat
1947 1398 2062 1462 fibi
2105 1417 2260 1462 cum

562 1500 701 1567 viro
750 1501 901 1565 forti
946 1524 1021 1566 ac
1066 1498 1701 1591 strenuo‘negotium
1745 1502 1890 1582 effe,
1919 1500 2059 1589 qui,
2105 1520 2258 1563 cum

566 1603 924 1690 cogitasset,
983 1604 1193 1669 facere
1252 1606 1541 1685 auderet,
1601 1614 1668 1669 et
1715 1602 1892 1691 prius
1942 1601 2258 1689 cogitare,

568 1728 767 1793 quam
835 1708 1079 1787 conari,
1136 1710 1509 1790 consueffet,
1565 1706 2119 1795 Autophradaten:
2191 1706 2258 1770 in

571 1808 1049 1896 Cappadociam
1106 1812 1335 1879 mittit.
1425 1812 1558 1877 Hic
1613 1835 1696 1877 ne
1745 1812 1982 1876 intrare
2031 1809 2258 1898 posset,

566 1910 822 1992 saltum,
870 1914 936 1977 in
987 1936 1121 2001 quo
1169 1914 1422 1979 Ciliciae
1469 1926 1671 2002 portae
1714 1914 1864 1978 sunt
1905 1914 2062 1991 fitae,
2117 1913 2260 1976 Da-

566 2026 771 2077 tames
801 2034 1247 2102 praeoccupare
1278 2014 1516 2081 studuit
1533 2040 1556 2097 3
1602 2014 1708 2081 sed
1737 2029 1868 2079 tam
1903 2014 2113 2079 subito
2143 2036 2258 2077 co-

568 2114 705 2201 pias
736 2116 1113 2180 contrahere
1144 2139 1271 2181 non
1305 2117 1542 2205 potuit.
1633 2117 1696 2181 A
1748 2138 1880 2205 qua
1923 2136 1989 2179 re
2033 2114 2266 2201 depul-

570 2217 696 2298 suS,
744 2240 895 2282 cum
946 2240 1021 2282 ea
1071 2241 1292 2298 manu,
1323 2200 1518 2308 quam
1569 2229 1996 2299 contraxerat,
2043 2217 2264 2282 locum

571 2318 817 2406 delegit
842 2319 1066 2398 talem,
1096 2332 1171 2384 ut
1202 2342 1414 2408 neque
1453 2322 1905 2387 circumiretur
1935 2321 2018 2404 ab
2063 2317 2265 2382 hosti-

568 2423 717 2500 buS,
764 2443 977 2509 neque
1020 2423 1378 2508 praeteriret
1421 2422 1837 2502 adversariuS,
1872 2421 2032 2509 quin
2079 2422 2264 2485 anci-

568 2524 810 2611 pitibus
852 2522 1017 2588 locis
1061 2536 1497 2610 premeretur3
1547 2538 1637 2604 et,
1677 2525 1720 2588 fi
1759 2525 2066 2588 dimicare
2109 2545 2262 2588 cum

570 2649 651 2692 eo
694 2627 912 2707 vellet,
958 2651 1086 2690 non
1144 2627 1425 2692 multum
1468 2627 1678 2694 obefl'e
1727 2627 2089 2693 multitudo
2137 2627 2264 2692 ho-

569 2729 753 2793 stium
786 2727 913 2794 suae
943 2729 1255 2816 paucitati
1291 2730 1526 2817 poffet.-
2002 2808 2017 2822 ι

657 2833 851 2896 VIII.
900 2833 1069 2894 Haec
1112 2832 1223 2894 etfi
1273 2829 1798 2918 Autophradates
1847 2829 2136 2912 videbat,
2165 2831 2266 2898 sa-

571 2933 701 2998 tius
731 2945 943 2997 tamen
994 2931 1211 2995 statuit
1255 2932 1590 3020 congredi,
1623 2953 1818 3019 quam
1870 2954 2022 2997 cum
2065 2933 2268 2997 tantis

573 3035 773 3121 copiis
818 3033 1137 3120 refugere,
1174 3048 1289 3099 aut
1333 3047 1466 3098 tam
1499 3033 1616 3099 diu
1657 3056 1794 3098 uno
1835 3033 1990 3099 loco
2025 3033 2264 3099 sedere.

571 3137 885 3204 Habebat
934 3136 1352 3200 barbarorum
1409 3135 1707 3224 equitum
1762 3137 2024 3225 viginti,
2078 3137 2268 3224 pedi-

572 3253 717 3303 tum
766 3251 1029 3302 centum
1079 3237 1313 3317 millia,
1359 3255 1524 3326 quos
1572 3237 1666 3302 illi
1699 3237 2018 3303 Cardaces
2044 3239 2268 3326 appel-

570 3341 734 3423 lant,
762 3339 1177 3428 ejusdemque
1200 3339 1456 3425 generis
1486 3339 1610 3404 tria
1639 3339 2067 3422 funditorum,
2096 3363 2267 3428 prae-

572 3455 751 3507 terea
796 3439 1257 3527 Cappadocum
1301 3440 1475 3519 octe,
1504 3440 1965 3506 Armeniorum
2010 3440 2266 3524 decem,

2301 1522 2360 1557 10

2303 2036 2358 2089 ¹5

2300 2545 2364 2583 20

2302 3061 2362 3114 ²5

574 3544 1061 3631 Paphlagonum
1110 3541 1424 3628 quinque,
1466 3543 1796 3632 Phrygum
1841 3543 2093 3625 decem,
2127 3547 2263 3633 Ly-
2301 3571 2362 3620 3ο

574 3643 805 3714 dorum
829 3645 1141 3733 quinque,
1165 3643 1637 3756 Aspendiorum
1661 3658 1732 3712 et
1759 3646 2103 3715 Pifidarum
2135 3647 2294 3724 cir„

2103 3747 2268 3815 citer
