2587 4402
854 382 1468 441 taunucum&
1897 374 1993 464 89

300 524 579 613 prodest,
619 516 821 614 quam
862 528 1091 595 diserte
1112 528 1360 595 dicere.
1443 526 1780 595 studiosus
1807 525 1992 595 audi-

300 628 495 693 endi:
544 650 627 693 ex
658 629 789 695 hoe
814 631 991 694 enim
1020 630 1330 696 facillime
1359 629 1514 695 disci
1545 628 1992 696 arbitrabatur.

295 732 535 817 Itaque
582 754 737 819 cum
787 732 852 795 in
882 732 1199 799 circulum
1254 731 1535 811 venisset,
1582 730 1649 795 in
1702 753 1836 818 quo
1885 746 1999 797 aut

288 831 385 896 ³de
433 834 691 919 republ.
768 833 1214 919 disputaretur,
1276 847 1390 899 aut
1453 834 1538 900 de
1593 831 2000 919 philosophia

218 942 246 996 5
300 934 511 998 sermo
542 934 907 1013 haberetur,
940 956 1273 1022 nunquam
1305 936 1458 1000 inde
1488 934 1666 1022 prius
1701 932 1994 1013 disceffit,

289 1059 503 1123 quam
531 1036 614 1100 ad
648 1036 843 1101 finem
874 1038 1078 1102 sermo
1107 1037 1257 1102 effet
1284 1037 1627 1103 dedueluS.
1721 1038 1996 1122 Pauper-

288 1150 505 1206 atatem
538 1138 701 1204 adeo
749 1137 937 1203 facile
984 1140 1304 1226 perpefl'us
1337 1140 1458 1218 -est,
1483 1150 1564 1203 ut
1607 1138 1690 1203 de
1740 1137 1996 1223 republ.

289 1239 471 1305 >nihil
518 1252 749 1327 praeter
806 1240 1083 1327 gloriam
1136 1240 1399 1327 ceperit.
1489 1239 1874 1307 Amicorum
1929 1238 1998 1303 in

292 1340 365 1405 -se
427 1342 676 1406 tuendo
738 1342 945 1407 caruit
990 1335 1450 1421 facultatibu83
1517 1340 1644 1405 fide
1699 1338 1782 1404 ad
1839 1337 2000 1405 alios

198 1468 274 1504 ιιο
302 1442 727 1509 sublevandos
754 1444 921 1529 saepe
966 1444 1049 1509 fic
1089 1443 1237 1509 usus
1266 1445 1379 1524 est,
1409 1458 1483 1509 ut
1521 1443 1702 1529 poffit
1718 1441 2001 1529 judicari
2037 1462 2049 1473 ·

290 1545 529 1611 omnia
556 1544 617 1609 ei
654 1567 804 1609 cum
850 1545 1075 1609 amicis
1104 1544 1283 1609 fuifl'e
1311 1546 1705 1611 eommunia.
1795 1545 2000 1625 Nam,

299 1670 461 1715 cum
519 1662 633 1713 aut
682 1648 921 1714 civium
971 1650 1230 1715 suorum
1286 1649 1522 1736 aliquis
1577 1649 1658 1713 ab
1712 1648 2001 1713 hostibus

290 1750 459 1816 effet
510 1764 757 1837 captae,
810 1763 924 1815 aut
974 1751 1161 1838 virgo
1212 1750 1406 1815 amici
1457 1750 1704 1815 nubilis
1748 1763 2005 1835 propter

292 1864 753 1940 paupertatem
814 1852 1121 1917 collocari
1180 1875 1312 1917 non
1359 1852 1582 1939 posset,
1645 1850 2005 1917 amicorum

216 1972 273 2023 15
304 1954 660 2020 concilium
694 1952 998 2034 habebat,
1030 1966 1123 2031 et,
1154 1967 1474 2041 quantum
1494 1953 1763 2041 quisque
1794 1952 2002 2031 daret,

289 2080 425 2145 -pro
469 2057 778 2144 cujusque
820 2056 1235 2121 facultatibus
1279 2054 1676 2141 imperabat;
1725 2072 2004 2140 eamque

290 2161 628 2226 -fiimmam
659 2181 812 2224 cum
843 2156 1104 2237 faceret,
1138 2157 1504 2245 priusquam
1535 2154 1850 2241 acciperet
1885 2172 2002 2241 pea-

290 2263 601 2343 'cuniam,
630 2261 991 2326 adducebat
1021 2277 1197 2339 eum,
1230 2258 1342 2346 qui
1372 2257 1723 2345 quaerebat,
1755 2256 1836 2321 ad
1865 2278 2002 2336 eos,

294 2366 427 2454 qui
476 2365 937 2445 conferebant3
982 2363 1173 2449 eique
1211 2375 1289 2427 ut
1332 2362 1442 2449 ipfi
1473 2371 1879 2425 numerarent
1908 2357 2004 2423 fa·-

197 2493 279 2530 220
308 2468 551 2546 ciebat,
600 2480 679 2532 ut
728 2465 866 2546 ille,
920 2465 1002 2530 ad
1056 2488 1252 2553 quem
1297 2486 1376 2528 ea
1425 2485 1526 2528 res
1568 2460 2004 2549 perveniebat,
2119 2489 2128 2500 ·

294 2571 500 2639 -sciret
526 2574 841 2657 quantum
874 2561 1113 2656 cuique
1142 2566 1433 2632 deberet.
1538 2609 1547 2620 -

404 2674 527 2737 IV.
589 2674 871 2737 Tentata
922 2665 1139 2734 autem
1198 2667 1336 2755 ejus
1394 2669 1484 2732 est
1541 2664 1918 2732 abstinentia
1971 2687 2011 2729 a

310 2773 761 2842 Diomedonte
818 2772 1171 2860 Cyziceno.
1287 2771 1596 2856 Namque
1653 2769 1710 2834 is
1775 2779 2012 2853 rogatu

312 2877 687 2944 Artaxerxis
716 2861 1229 2962 Epaminondam
1272 2873 1549 2960 pecunia
1587 2891 2008 2956 corrumpen-

222 2999 281 3051 25
314 2981 471 3046 dum
504 2978 875 3066 susceperat.
944 2976 1076 3040 Hic
1106 2997 1348 3062 magno
1379 2995 1530 3037 cum
1559 2969 1840 3058 pondere
1870 2969 2011 3034 auri

312 3082 581 3148 Thebas
636 3079 837 3158 venit,
882 3091 973 3142 -et⁴
1023 3075 1405 3162 Micythum
1463 3070 2010 3136 adolescentulum
2053 3143 2060 3146 ,

301 3183 615 3271 quinque
642 3180 903 3245 talentis
931 3177 1013 3242 ad
1042 3177 1216 3242 suam
1252 3174 1554 3269 perduxit
1581 3173 2008 3252 voluntatem,

302 3305 516 3370 -quem
566 3296 707 3346 tum
762 3277 1243 3367 Epaminondas
1283 3275 1640 3365 plurimum
1667 3273 2006 3362 diligebat.

307 3384 668 3474 -Micythus
714 3381 1225 3469 Epaminondam
1272 3379 1602 3458 convenit,
1646 3390 1714 3441 et
1759 3377 2009 3441 causam

212 3519 287 3566 230
320 3486 637 3552 adventus
686 3483 1147 3550 Diomedontis
1196 3482 1490 3548 ostendit.
1577 3481 1673 3543 At
1707 3477 1814 3541 ille
1843 3478 2010 3542 Dio-

319 3590 628 3658 medonte
676 3609 917 3669 ooram,
964 3587 1169 3668 Nihil,
1199 3585 1436 3675 inquit,
1469 3598 1608 3672 opu-r
1629 3581 1884 3671 pecunia
1913 3579 2009 3666 fst-

1851 3684 2018 3750 Nam
