2587 4402
638 528 729 595 30
1360 530 1650 577 elnon.

641 657 785 722 satis
838 659 1249 747 eloquentiae,
1298 660 1612 724 summam
1657 653 2131 730 liberalitatem,
2199 671 2356 715 ma-

638 783 837 847 gnam
861 761 1269 848 prudentiam
1288 760 1616 849 cumjuris
1641 759 1870 837 civilis,
1884 770 2023 821 tum
2046 754 2132 819 rei
2162 752 2356 817 mili-

638 861 819 942 taris,
852 861 1029 948 quod
1056 884 1206 926 cum
1236 875 1414 948 patre
1459 885 1497 928 a
1539 883 1739 949 puero
1767 860 1834 924 in
1880 855 2168 922 exercitu
2193 854 2354 919 fue-

638 971 739 1024 rat
765 961 1068 1027 versatus.
1160 963 1388 1049 Itaque
1418 963 1526 1028 hic
1561 975 1629 1028 et
1667 959 1979 1048 populum
2016 958 2353 1023 urbanum

636 1058 705 1123 in
738 1060 846 1126 sua
877 1062 1088 1126 tenuit
1118 1065 1448 1150 potestate,
1471 1075 1536 1128 et
1567 1062 1737 1150 apud
1755 1061 2112 1130 exercitum
2133 1057 2351 1146 pluri·
2397 1066 2429 1117 5

633 1184 819 1228 mum
843 1163 1046 1230 valuit
1068 1165 1472 1230 auctoritate.
1509 1165 1790 1228 Primum
1811 1163 2155 1248 imperator
2171 1160 2360 1247 apud

636 1263 879 1328 flumen
914 1265 1257 1352 Strymona
1298 1288 1566 1354 magnas
1609 1265 1825 1352 copias
1874 1265 2202 1327 Thracum
2233 1261 2353 1327 fu-

634 1367 854 1452 gavit:
904 1367 1215 1454 oppidum
1251 1367 1708 1456 Amphipolim
1753 1367 2100 1446 constituit,
2133 1387 2358 1452 eoque

637 1467 865 1534 decem
908 1470 1117 1534 millia
1144 1469 1634 1534 Atheniensium
1668 1470 1734 1533 in
1781 1467 2104 1534 coloniam
2147 1466 2351 1533 mifit.

637 1568 820 1633 Idem
895 1571 1129 1636 iterum
1198 1571 1372 1658 apud
1429 1570 1765 1658 Mycalem
1825 1569 2214 1658 Cypriorum
2277 1583 2355 1636 et
2396 1583 2459 1619 ¹0

636 1672 1019 1740 Phoenicum
1092 1675 1520 1740 ducentarum
1577 1674 1840 1740 navium
1901 1670 2155 1737 claffem
2223 1672 2352 1738 de·-

635 1773 872 1842 viciam
913 1777 1131 1865 cepit3
1197 1777 1562 1863 eodemque
1605 1775 1714 1840 die
1761 1776 1895 1862 pari
1951 1773 2214 1840 fortuna
2272 1776 2351 1842 in

637 1888 809 1942 terra
835 1879 983 1942 usus
1012 1879 1121 1959 est.
1210 1879 1544 1965 Namque,
1573 1877 1850 1940 hostium
1881 1875 2151 1942 navibus
2183 1899 2345 1966 cap·
2403 1911 2414 1920 ·

637 1977 745 2059 tis,
774 1977 985 2046 statim
1008 2001 1090 2045 ex
1117 1977 1302 2047 claffe
1331 1980 1546 2068 copias
1575 1978 1714 2044 suas
1750 1977 1999 2056 eduxit,
2029 1979 2347 2047 barbaro-

634 2101 909 2169 rumque
953 2105 1087 2148 uno
1140 2081 1451 2150 concursu
1497 2080 1844 2168 maximam
1894 2080 2028 2144 vim
2073 2083 2346 2168 prostra-
2389 2097 2448 2150 15

633 2179 752 2247 vit.
843 2183 999 2249 Qua
1026 2183 1291 2251 victoria
1339 2206 1584 2271 magna
1624 2181 1839 2270 praeda
1880 2182 2151 2269 potituS,
2184 2206 2346 2252 cum

632 2282 906 2377 domum
934 2296 1382 2366 reverteretur,
1412 2285 1591 2372 quod
1606 2284 1744 2372 jat'n
1765 2285 2096 2350 nonnullae
2116 2284 2342 2352 insulae

630 2399 890 2471 propter
944 2386 1362 2452 acerbitatem
1412 2385 1665 2472 imperii
1721 2385 2108 2467 defecerant,
2169 2387 2342 2453 bene

632 2485 941 2551 animatas
969 2488 1393 2566 confirmavit,
1423 2486 1734 2551 alienatas
1775 2486 1859 2551 ad
1901 2487 2187 2552 officium
2229 2511 2339 2553 re-

630 2586 768 2652 dire
812 2589 1060 2677 coegit:
1122 2592 1425 2677 Scyrum,
1457 2610 1652 2675 quam
1683 2610 1763 2653 eo
1794 2600 2080 2676 tempore
2119 2592 2337 2656 Dolo·
2375 2622 2442 2659 ιο

588 2728 595 2733 -
628 2712 743 2779 pes
774 2691 1167 2772 incolebant,
1198 2692 1378 2779 quod
1405 2692 1860 2757 contumacius
1901 2692 1966 2757 se
1993 2692 2338 2779 gesserant,

629 2794 1011 2877 vacuefecit,
1057 2794 1310 2859 seffores
1359 2807 1608 2860 veteres
1637 2794 1798 2859 urbe
1839 2793 2172 2881 insulaque
2199 2795 2338 2883 eje-

627 2897 745 2977 cit,
806 2920 994 2985 agros
1054 2895 1304 2962 civibus
1359 2895 1608 2977 divisit:
1685 2894 1954 2960 Thafios
2003 2896 2340 2986 opulentia

624 2996 825 3065 fretos
872 2999 986 3065 suo
1044 2998 1328 3064 adventu
1375 2996 1596 3084 fregit.
1687 2996 1814 3061 His
1868 3020 1948 3061 ex
2007 3000 2336 3065 manubiis

626 3121 739 3163 arx
764 3098 1193 3180 Athenarum,
1212 3122 1344 3187 qua
1371 3098 1456 3164 ad
1485 3096 1822 3163 meridiem
1845 3098 2080 3186 vergit,
2107 3099 2192 3165 est
2221 3123 2330 3166 or-
2366 3133 2430 3187 25

624 3213 796 3267 nata.
846 3246 851 3251 -

715 3304 841 3369 ΙΙΙ.
868 3303 1133 3369 Quibus
1151 3306 1343 3369 rebus
1373 3325 1523 3369 cum
1551 3324 1717 3367 unus
1747 3302 1816 3367 in
1839 3302 2100 3369 civitate
2115 3306 2328 3371 maxi·-

622 3428 730 3471 me
758 3406 1035 3486 floreret,
1078 3404 1313 3469 incidit
1343 3405 1410 3467 in
1443 3404 1715 3469 eandem
1757 3403 2090 3484 invidiam,
2123 3428 2326 3492 quam

622 3519 805 3595 pater
844 3507 1017 3586 suuS,
1051 3505 1399 3593 caeterique
1447 3503 1935 3568 Athenienfium
1980 3506 2324 3593 principes·

622 3610 799 3673 Nam
833 3610 1129 3674 testarum
1157 3606 1494 3693 suffragiis,
1524 3604 1700 3693 quod
1742 3604 1836 3669 illi
1867 3607 2321 3675 Ostracismum
2357 3654 2420 3700 30

623 3720 883 3791 vocant,
931 3707 1185 3777 decem·
1219 3729 1540 3775 annorum
1589 3706 1786 3773 exilio
1839 3708 2152 3775 multatus
2204 3712 2318 3776 est.

2117 3808 2322 3901 Cujus
