2587 4402
798 461 1434 512 runnu-rocus.
1894 465 1974 533 17

304 591 445 674 filio,
471 593 644 682 quod
672 595 1009 661 communi
1041 595 1191 684 jure
1233 596 1536 686 gentium
1575 595 1786 664 fa'cere
1827 602 2007 686 pos-·

295 694 441 776 sent,
460 699 641 762 Deos
669 696 989 785 publicos,
1020 698 1287 788 suosque
1313 699 1552 786 patrios
1579 721 1658 766 ac
1683 715 1974 788 penates,

184 852 203 869 .
291 820 407 883 quo
450 798 707 864 facilius
742 801 827 866 ab
876 799 1051 866 hoste
1090 800 1338 887 pofi‘ent
1365 799 1738 882 defendere,
1769 805 2006 869 muris.

285 900 547 988 sepfiffe:
594 925 810 991 neque
855 925 959 984 e0,
994 903 1174 990 quod
1202 903 1438 972 inutile
1477 904 1630 970 effet
1671 905 1972 988 Graeciae,

230 1010 253 1058 ⁵
282 1001 506 1096 fecifi'e.
594 1007 777 1072 Nam
822 1005 1085 1072 illorum
1135 1007 1366 1072 urbem
1401 1017 1478 1072 ut
1511 1026 1970 1096 propugnacu-
1997 1057 2008 1072 ,

278 1104 405 1170 lum
450 1109 807 1195 oppofitam
860 1107 983 1174 effe
1024 1108 1336 1189 barbaris,
1381 1109 1556 1197 apud
1597 1133 1796 1198 quam
1827 1111 1970 1200 jam
1999 1171 2007 1176 .

278 1208 373 1272 bis
417 1209 621 1282 claffis
652 1209 833 1298 regia
874 1208 1117 1276 feciffet
1156 1211 1568 1299 naufragium
1597 1237 1614 1277 ε
1661 1215 1970 1282 Lacedae-

274 1311 525 1386 monios
556 1323 775 1377 autem
808 1311 979 1378 male
1005 1325 1075 1378 et
1102 1311 1592 1401 injuste-facere,
1611 1316 1726 1400 qui
1755 1315 1824 1380 id
1847 1339 1966 1404 po-
1993 1319 2002 1330 “

276 1412 401 1478 tius
458 1415 889 1494 intuerentur,
940 1415 1121 1503 quod
1175 1414 1454 1502 ipsorum
1511 1415 2004 1500 dominationi,-

198 1529 247 1564 10
276 1539 463 1604 quam
486 1521 670 1607 quod
698 1519 1009 1586 universae
1032 1519 1308 1586 Graeciae
1337 1519 1502 1586 utile
1530 1521 1702 1588 effet.
1745 1525 1970 1592 Quare

276 1619 317 1683 fi
356 1621 501 1686 suos
538 1619 795 1710 legatos
837 1622 1117 1710 recipere
1164 1621 1433 1704 vellent,
1467 1645 1632 1711 quos
1675 1625 1970 1692 Athenas

274 1723 595 1806 miserant,
634 1725 727 1792 se
746 1725 1173 1818 remitterent,
1202 1724 1394 1794 aliter
1441 1723 1592 1794 illos
1633 1747 2004 1840 nunquam:

276 1822 343 1888 in
367 1825 645 1913 patriam
674 1828 1017 1914 recepturi.

354 1928 555 1994 VIII
598 1928 734 1996 Hic
761 1941 979 1995 tamen
1012 1951 1143 1994 non
1172 1931 1406 2016 effugit
1437 1931 1680 1996 civium
1705 1929 1964 2000 suorum

200 2045 248 2097 ¹5
278 2028 605 2097 invidiam.
694 2033 1003 2120 Namque
1030 2033 1117 2096 ob
1158 2032 1444 2096 eundem
1473 2031 1966 2122 timorem,·quo

274 2131 613 2200 damnatus
666 2146 803 2199 erat
826 2133 1206 2214 ⁴Miltiades,
1236 2133 1606 2198 testularum
1653 2133 1968 2223 suffragiis

277 2258 314 2301 e
352 2236 615 2303 civitate
663 2236 909 2325 ejee'tus
960 2237 1181 2324 Argos
1226 2236 1591 2302 habitatum
1629 2238 1999 2303 'conceffit.·

276 2338 405 2405 Hic
452 2362 603 2405 cum
650 2350 913 2427 propter
959 2337 1197 2403 multas
1243 2339 1301 2428 ej
1309 2360 1386 2403 us
1416 2338 1684 2403 virtutes
1729 2360 1970 2427 magna

276 2462 423 2507 cum
483 2442 807 2529 dignitate
864 2442 1129 2521 viveret,
1183 2439 1664 2508 Lacedaemonii
1711 2439 1968 2525 legatos

190 2559 247 2595 2⁰
273 2544 565 2611 Athenas
612 2545 945 2625 miserunt,
976 2542 1091 2632 qui
1135 2564 1285 2609 eum
1329 2540 1656 2607 absentem
1705 2542 1964 2611 accusa-

273 2658 435 2728 rent,
467 2648 647 2735 quod
694 2646 1063 2713 societatem
1112 2668 1265 2716 curn
1309 2666 1464 2731 rege
1499 2644 1834 2715 ,Persarum
1885 2645 1966 2709 ad

278 2749 593 2814 Graeciam
636 2746 1118 2835 opprimendam
1160 2745 1424 2812 feciffet.
1513 2746 1665 2811 Hoc
1695 2746 1967 2814 crimine

273 2849 493 2917 absens
535 2850 919 2937 proditionis
949 2852 1037 2915 est
1080 2850 1447 2915 damnatus·
1539 2847 1619 2912 Id
1662 2860 1739 2912 ut
1777 2848 1965 2913 audi-

273 2952 385 3033 vit,
438 2952 619 3041 quod
666 2974 797 3017 non
844 2951 991 3017 satis
1040 2960 1257 3015 tutum
1311 2949 1374 3014 se
1425 2948 1628 3035 Argis
1679 2947 1993 3031 videbat,

195 3074 245 3127 25
278 3055 624 3145 Corcyram
663 3052 1073 3141 demigravit.
1150 3051 1253 3120 Ibi
1290 3073 1444 3119 cum
1475 3050 1619 3138 ejus
1647 3050 1968 3139 principes

274 3157 553 3223 civitatis
594 3154 1132 3231 animadvertisset
1167 3155 1434 3233 timere,
1456 3173 1540 3219 ne
1587 3166 1849 3240 propter
1905 3156 1970 3221 se

274 3258 513 3327 bellum
559 3258 666 3327 his
713 3255 1194 3335 ‚Lacedaemonii
1236 3268 1305 3320 et
1333 3254 1760 3321 Athenienses
1791 3254 1998 3333 indi„

277 3375 511 3445 nerent,
540 3361 624 3430 ad
654 3360 1015 3425 Admetum
1060 3358 1484 3425 Molo-florum
1523 3380 1774 3445 regem,
1811 3378 1994 3433 cum,

277 3488 401 3553 quo
436 3466 501 3537 ei
545 3464 893 3551 hospitium
938 3461 1169 3543 fiaerat,
1200 3460 1522 3549 confugit.
1607 3462 1768 3529 Huc
1812 3478 1994 3527 cum*

200 3595 251 3643 30
276 3568 555 3648 veniffet,
584 3579 654 3631 et
681 3565 753 3635 in
780 3564 1109 3651 praesentia
1134 3580 1246 3632 rex
1274 3563 1532 3643 abeffet‚
1563 3583 1694 3648 quo
1723 3561 1967 3651 majore

275 3672 585 3773 religione
614 3671 677 3739 se
705 3682 1037 3758 receptum
1068 3679 1383 3749 tueretur,
1415 3665 1608 3735 filiam
1640 3665 1782 3757 ejus
1792 3688 1962 3834 upar
1980 3670 1987 3674 “

1746 3790 1787 3835 v
1857 3788 1963 3836 am
