2587 4402
1429 940 1627 1009 xm.

1154 1144 1896 1219 TIMOTHEUS.
2027 1206 2032 1211 .

682 1399 746 1465 1.
772 1364 1350 1465 TIMOTHEUS
1375 1394 1678 1461 Cononis
1711 1392 1905 1475 finus,
1934 1393 2388 1463 Atheniensis.

662 1500 823 1565 ,Hic
850 1521 891 1563 a
914 1510 1093 1585 patre
1120 1508 1453 1583 acceptam
1472 1497 1750 1585 gloriam
1779 1495 2006 1561 multis
2027 1496 2226 1561 auxit
2255 1497 2384 1561 vir·-
2463 1525 2493 1534 „

680 1598 959 1666 tutibuS.
1052 1598 1201 1663 Fuit
1226 1597 1402 1662 enim
1433 1597 1728 1679 disertus,
1753 1596 2057 1685 impiger,
2089 1597 2387 1664 laborio-

680 1701 811 1781 ἤιε,
839 1701 933 1765 rei
973 1698 1267 1765 militaris
1292 1698 1564 1785 perituri,
1595 1721 1808 1785 neque
1843 1699 2060 1764 minus
2091 1698 2386 1765 civitatis

682 1801 1011 1889 regendae.
1081 1800 1302 1866 Multa
1329 1800 1525 1887 hujus
1543 1800 1696 1867 sunt
1719 1800 2024 1887 praeclare
2051 1801 2250 1883 faeta,
2276 1800 2384 1867 sed
2447 1816 2470 1867 5

683 1903 829 1968 haec
860 1902 1153 1967 maxime
1198 1902 1484 1967 illustria.
1567 1902 1922 1988 Olynthios
1972 1914 2042 1967 et
2106 1904 2380 1991 Byzan-

680 2003 813 2069 tios
855 2003 1033 2069 bello
1074 2003 1332 2091 subegit
1354 2024 1392 2067 ε·
1419 2004 1688 2068 Samum
1733 2002 1929 2089 cepit,
1972 2002 2040 2066 in
2083 2026 2222 2091 qua
2250 2024 2380 2089 op-

680 2106 1057 2193 pugnanda,
1101 2104 1418 2192 superiore
1465 2104 1663 2184 bello,
1710 2102 2140 2169 Athenienses
2195 2103 2380 2169 mille

676 2220 754 2273 et
794 2207 1075 2273 ducenta
1114 2207 1358 2272 talenta
1392 2207 1930 2294 consumpserant.
2019 2208 2218 2273 Hanc
2270 2206 2381 2270 ille

678 2309 813 2376 fine
834 2309 975 2375 »ulla
1002 2309 1263 2396 publica
1288 2309 1574 2395 impensa
1600 2308 1842 2396 populo
1867 2308 2156 2376 restituit.
2230 2308 2374 2377 Ad·
2414 2334 2461 2367 ιο

679 2413 931 2478 versum
974 2412 1197 2499 Cotyn
1242 2409 1418 2476 bena
1457 2411 1669 2498 gestit,
1708 2413 1790 2476 ab
1831 2433 2043 2500 eoque
2077 2412 2270 2479 mille
2309 2423 2378 2477 et

676 2515 963 2580 ducenta.
1010 2512 1251 2579 talenta
1296 2513 1527 2600 praedae
1582 2514 1649 2578 in
1692 2514 2034 2601 publicum
2087 2516 2370 2582 detulit:

676 2615 1005 2701 Cyzicum
1044 2613 1372 2679 obsidione
1412 2613 1748 2680 liberavit:
1795 2615 2246 2698 Ariobarzani,
2294 2618 2370 2681 fi-

678 2717 824 2783 mul
846 2739 1007 2782 cum
1037 2717 1362 2804 Agefilao,
1391 2716 1633 2782 auxilio
1659 2717 1980 2806 profectus
2009 2720 2128 2784 est:
2168 2743 2206 2784 a
2236 2741 2370 2810 quo

680 2844 832 2888 cum
868 2823 1043 2886 Laco
1074 2823 1417 2908 pecuniam
1445 2833 1845 2887 numeratam
1875 2822 2232 2909 accepisset,
2261 2824 2369 2890 ilie
2405 2843 2449 2896 ιε

674 2925 852 2991 cives
898 2925 1044 2989 suos
1094 2943 1253 3012 agro
1298 2937 1493 3011 atque
1533 2924 1804 2989 urbibus
1845 2925 2069 3013 augeri
2111 2927 2365 3005 maluit,

674 3047 871 3110 quam
920 3025 991 3090 id
1031 3024 1301 3104 sumere,
1345 3023 1531 3111 cujus
1575 3036 1823 3110 partem
1873 3026 2140 3091 domum
2183 3028 2365 3094 suam

673 3124 839 3190 ferre
867 3125 1089 3212 poffet.
1178 3127 1410 3212 Itaque
1458 3125 1719 3212 accepit
1755 3125 2102 3192 Crithoten
2145 3141 2212 3195 et
2237 3132 2359 3196 Se·

671 3226 865 3290 stum.
1805 3241 1820 3250 ‘
2249 3235 2266 3252 ·

763 3329 857 3394 ΙΙ.
903 3328 1089 3393 Idem
1132 3329 1299 3394 clasii
1342 3329 1680 3418 praefectus
1721 3330 2210 3398 circumvehens
2234 3335 2354 3400 Pe·
2389 3363 2442 3400 ιο

667 3431 1120 3519 ἱοροηιιοΐιιιῃ,
1151 3433 1544 3498 Laconicam
1571 3432 1935 3520 populatus,
1961 3433 2213 3500 classem
2245 3457 2355 3501 eo-

665 3555 817 3597 rum
847 3532 1119 3621 fugavit.
1212 3533 1562 3621 Corcyram
1593 3533 1708 3598 sub
1751 3533 2093 3620 imperium
2141 3535 2351 3601 Athe-

666 3631 987 3700 nienfium
1012 3633 1291 3724 redegit,
1323 3633 1646 3729 sociosque
1671 3634 1848 3704 idem
1881 3634 2174 3725 adjunxit
2200 3637 2350 3724 Epi-

2155 3753 2347 3819 rotas,
