2587 4402
1004 439 1230 490 mou.
1875 425 1958 510 5²3

287 567 611 654 negotium
673 567 881 648 daret,
926 567 1039 654 qui
1095 568 1159 633 se
1208 565 1532 635 simularet
1580 568 1678 636 illi
1735 570 1954 640 inimi-

280 693 463 751 cum,
511 693 713 758 quem
757 671 799 734 fi
846 669 1178 736 invenisset
1216 671 1554 751 idoneum,
1588 671 1778 741 facile
1810 699 1956 742 om-

276 774 445 838 nium
478 774 733 838 animos
756 775 1199 862 cogniturum,
1222 775 1723 862 adversariosque
1743 777 1954 844 subla.-

206 912 213 920 ·
272 890 511 952 turum,
543 877 725 961 quod
758 875 1005 940 inimici
1048 876 1187 963 ejus
1216 876 1548 942 «diffidenti
1573 876 1718 942 suos
1745 878 1958 948 sensus

220 999 245 1051 s
270 980 545 1065 aperturi
573 979 808 1044 forent.
897 979 1044 1044 Tali
1088 979 1350 1046 consilio
1390 981 1682 1066 probate,
1719 981 1962 1070 excipit

268 1082 381 1146 has
422 1094 643 1168 partes
684 1082 815 1167 ipse
858 1081 1253 1162 Callicrates,
1283 1094 1352 1148 et
1377 1083 1441 1148 se
1469 1095 1674 1148 armat
1708 1083 1956 1172 impru-

268 1182 487 1248 dentia
526 1183 813 1262 Dioni33
856 1183 941 1248 ad
986 1205 1137 1248 eum
1188 1179 1702 1251 interficiendum
1753 1187 1958 1254 socio·

266 1285 619 1371 conquirit,
664 1283 1047 1350 adversarios
1098 1283 1239 1370 ejus
1288 1285 1616 1366 convenit,
1661 1286 1956 1374 conjura·

270 1388 517 1452 tionem
573 1390 933 1454 confirmat.
1042 1390 1171 1454 Rea
1218 1389 1444 1454 multis
1485 1391 1757 1456 consciis
1813 1415 1958 1479 qun

194 1515 247 1552 ιο
272 1504 627 1577 gereretur,
660 1492 829 1556 elata
868 1491 1137 1558 refertur
1162 1492 1245 1556 ad
1276 1493 1754 1558 Aristomachen
1785 1496 1957 1560 soro·

270 1613 399 1658 rem
448 1592 717 1671 Dionia,
760 1615 1157 1677 uxoremque
1186 1594 1453 1659 Areten.
1544 1594 1686 1658 111ae
1729 1595 1960 1662 timore

272 1694 625 1779 perterritae
654 1693 1070 1773 conveniunt,
1104 1693 1289 1779 cujus
1327 1695 1412 1760 de
1450 1695 1734 1779 periculo
1763 1696 1956 1762 time·-

274 1797 452 1861 bant.
546 1798 643 1860 At
676 1795 789 1860 ille
820 1808 1017 1883 negat
1043 1817 1083 1858 a
1112 1795 1454 1862 Callicrate
1483 1797 1618 1862 fieri
1657 1797 1768 1862 fibi
1805 1798 1954 1862 infi-

272 1897 433 1978 dias,
458 1897 571 1962 sed
592 1897 727 1976 illa,
751 1920 899 1984 quae
920 1907 1287 1984 agerentur,
1311 1897 1446 1960 fieri
1475 1909 1794 1984 praecepto
1821 1897 1956 1964 suo.

194 2025 245 2076 15
275 1999 591 2070 Mulieres
648 1998 859 2064 nihilo
906 1997 1109 2064 secius
1161 1996 1567 2062 Callicratem
1625 1997 1692 2062 in
1753 1997 1962 2064 aedem

275 2101 659 2186 Proserpinae
703 2099 1055 2178 deducunt,
1098 2119 1175 2162 ac
1227 2097 1446 2184 jurare
1497 2110 1747 2184 cogunt
1797 2096 1962 2162 nihil

274 2206 353 2271 ab
382 2204 501 2268 illo
532 2201 802 2289 periculi
830 2199 967 2265 fore
1002 2198 1230 2265 Dioni.
1319 2197 1442 2263 Ille
1463 2197 1622 2263 hac.
1648 2197 1966 2285 religione

278 2328 405 2370 non
458 2304 661 2370 modo
712 2305 793 2367 ab
846 2302 1101 2387 incepto
1144 2322 1273 2367 non
1319 2300 1685 2379 deterritae,
1731 2299 1838 2365 sed
1881 2300 1964 2365 ad

276 2407 733 2471 maturandum
784 2405 1153 2471 concitatus
1198 2404 1326 2482 est;
1373 2422 1598 2467 verens
1653 2420 1735 2465 ne
1785 2400 1963 2486 prius

190 2544 249 2578 ,ο
278 2508 615 2573 confilium
652 2508 835 2571 suum
870 2504 1241 2591 aperiretur,
1268 2524 1464 2589 quam
1493 2514 1724 2569 conata
1751 2501 1962 2589 perfe-

280 2611 472 2677 ciffet.

382 2713 509 2775 IX.
573 2710 985 2773 Hac-mente
1026 2704 1324 2792 proximo
1365 2702 1470 2768 die
1508 2703 1684 2783 festo,
1729 2726 1882 2771 eum
1925 2727 1968 2769 a

280 2822 615 2877 conventu.
628 2820 946 2873 remotum
976 2808 1040 2871 se
1066 2806 1243 2873 Dion
1271 2804 1449 2871 domi
1480 2817 1750 2883 teneret,
1769 2816 1966 2889 atque

281 2913 343 2977 in
382 2910 677 2979 conclavi
715 2910 896 2973 edito
929 2906 1328 2983 recubuiffet,
1365 2904 1634 2969 consciis
1665 2902 1966 2969 facinoris

196 3043 251 3095 ²5
280 3014 437 3079 loca-r
464 3010 816 3077 munitiora
856 3008 1080 3095 oppidi
1107 3006 1400 3086 tradidit,
1439 3006 1710 3069 domum
1753 3005 1963 3071 custo-

283 3116 473 3182 dibus
531 3112 733 3198 sepfit,
788 3134 829 3175 a
882 3109 1135 3174 foribus
1177 3108 1291 3193 qui
1349 3129 1480 3171 non
1539 3106 1962 3187 discederent,

285 3230 501 3281 certos.
519 3212 827 3299 praefecit.
916 3210 1187 3276 Navem
1200 3209 1526 3274 triremem
1555 3210 1814 3275 armatis
1855 3230 1964 3273 or-

286 3334 423 3397 nat,
478 3314 817 3385 Philocrati
876 3312 1055 3378 fratri
1114 3312 1229 3377 suo
1286 3309 1508 3392 tradit,
1567 3316 1838 3396 eamque
1895 3310 1968 3374 in

288 3433 477 3504 portu
514 3414 747 3502 agitari
774 3413 989 3501 jubet,
1021 3424 1097 3475 ut
1127 3412 1167 3475 fi
1198 3432 1494 3478 exercere
1525 3412 1804 3495 remiges
1838 3410 1972 3474 vel·-

208 3554 263 3601 30
290 3518 379 3585 let
402 3544 446 3597 ς,
474 3516 791 3603 οοςίῑαηε,
842 3513 881 3575 fi
926 3512 1093 3575 forte
1136 3512 1410 3575 consiliis
1455 3511 1784 3577 obstitisset
1833 3510 1968 3577 for-

294 3631 467 3705 tuna,
530 3631 609 3685 ut
675 3616 963 3695 haberet,
1022 3636 1157 3702 quo
1214 3612 1473 3700 fugeret
1535 3610 1621 3681 ad
1674 3610 1964 3680 salutem.

786 3736 793 3745 ·
1693 3714 1971 3779 Suorum
