2587 4402
905 500 1262 547 uncus.
1803 496 1916 566 ηπ

252 632 586 719 Agrippam
655 654 971 720 generum
1031 634 1113 697 ad
1163 633 1227 699 se
1282 633 1550 699 arceffiri
1593 631 1796 717 juffit,
1855 648 1927 699 et

244 756 384 799 cum
440 756 521 799 eo
579 738 662 800 L.
722 736 1099 803 Cornelium
1158 736 1462 816 Balbum,
1523 736 1926 823 Sextumque

248 836 652 902 Peducaeum.
727 839 874 902 Hos
901 851 979 902 ut
1022 836 1255 903 veniffe
1281 837 1469 917 vidit,
1519 837 1586 901 in
1628 838 1926 903 cubitum

246 936 509 1020 innixuS‚
560 941 894 1020 Quantam,
931 940 1167 1027 inquit,
1200 965 1404 1005 curam
1433 938 1930 1027 diligentiamque

192 1059 218 1110 5
245 1038 301 1101 in
326 1040 673 1103 valetudine
702 1066 832 1104 mea
862 1042 1083 1105 tuenda
1110 1043 1213 1105 hoc
1252 1054 1504 1129 tempore
1531 1041 1926 1121 adhibuerim,

244 1166 359 1204 cum
385 1158 491 1206 vos
530 1140 695 1226 testes
746 1144 1021 1223 babeam,
1053 1143 1212 1207 nihil
1236 1144 1448 1229 neceff
1465 1144 1743 1231 pluribus
1781 1166 1925 1207 ver-

243 1243 321 1306 bis
389 1268 873 1310 commemorare:
950 1246 1163 1333 quibus
1242 1246 1542 1333 quoniam,
1601 1260 1671 1310 ut
1719 1248 1926 1335 spero,

221 1346 507 1433 satiffeci,
539 1348 815 1436 nihilque
851 1348 1071 1437 reliqui
1076 1348 1237 1434 feci,
1270 1350 1429 1436 quod
1469 1350 1557 1412 ad
1572 1350 1930 1435 sanandum

239 1472 320 1510 me
342 1450 691 1537 pertineret,
725 1450 1017 1537 reliquum
1048 1449 1142 1537 ςΙῖ,
1171 1462 1241 1513 ut
1269 1463 1494 1537 egomet
1533 1450 1682 1514 mihi
1724 1451 1928 1537 consu-

168 1578 213 1610 10
240 1548 371 1616 lam.
458 1550 546 1613 Id
601 1574 712 1615 vos
765 1551 1045 1637 ignorare
1099 1551 1285 1615 nolui.
1377 1550 1543 1615 Nam
1601 1550 1749 1614 mihi
1794 1548 1933 1634 stat

239 1654 387 1718 alere
414 1654 686 1719 morbum
732 1655 804 1717 de
826 1679 1007 1720 mere.
1070 1656 1352 1743 Namque
1379 1656 1472 1718 his
1501 1654 1730 1735 diebus,
1760 1654 1928 1742 quic-

236 1754 380 1841 quid
402 1755 518 1819 cibi
543 1756 911 1843 potionisque
918 1756 1170 1845 sumpst,
1204 1758 1293 1821 ita
1321 1757 1583 1845 produxi
1609 1755 1829 1838 vitam,
1861 1768 1932 1821 vt

236 1859 501 1922 auxerim
546 1857 782 1921 dolores
803 1859 944 1943 sine
962 1862 1079 1946 spe
1107 1859 1387 1945 salutis.-
1446 1882 1632 1947 quare
1675 1884 1721 1922 a
1757 1859 1931 1923 vobis

232 1972 353 2045 peto
385 1960 684 2047 primum,
714 1971 785 2021 ut
812 1960 1109 2045 consilium
1127 1962 1390 2049 probetis
1417 1984 1644 2041 meum3
1689 1961 1925 2042 deinde,

166 2086 209 2135 ¹5
240 2062 558 2150 nefrustra
594 2062 959 2126 dehortando
990 2062 1295 2127 conemini.
1541 2145 1546 2148 -
1842 2059 1847 2064 ’

311 2166 543 2230 XXII.
598 2164 743 2228 Hac
770 2163 1063 2228 oratione
1096 2162 1322 2228 habita
1352 2175 1536 2229 tanta
1577 2162 1931 2228 constantia

233 2270 402 2334 vocis
432 2279 638 2354 atque
668 2267 909 2347 vultus,
941 2279 1017 2331 ut
1040 2289 1167 2330 non
1193 2289 1273 2331 ex
1299 2267 1452 2346 vita,
1483 2265 1590 2331 sed
1620 2288 1701 2331 ex
1730 2267 1929 2331 domo

234 2368 294 2434 in
320 2371 601 2435 domum
630 2367 953 2432 videretur
1000 2367 1303 2454 migrare,
1343 2391 1495 2433 cum
1535 2367 1797 2454 quidem
1824 2369 1924 2432 A-

235 2473 459 2560 grippa
500 2493 660 2536 eum
690 2471 874 2550 flens,
907 2483 1106 2558 atque
1148 2470 1464 2550 osculanS,
1495 2481 1704 2534 oraret
1733 2483 1929 2558 atque

158 2604 209 2638 κο
235 2574 615 2652 obsecraret,
638 2593 721 2636 ne
743 2570 835 2653 id,
860 2571 1034 2658 quod
1058 2582 1285 2635 natura
1309 2582 1592 2658 cogeret,
1617 2569 1745 2658 ipse
1763 2593 1928 2658 quo-

234 2697 356 2762 que
399 2677 517 2741 fibi
548 2673 975 2754 acceleraret;
1025 2685 1115 2752 et,
1148 2671 1628 2758 quoniam'tum
1665 2695 1926 2762 quoque

230 2778 421 2862 poss'et
459 2776 875 2863 temporibus
916 2774 1241 2862 superefle,
1264 2774 1328 2838 se
1363 2774 1480 2840 fibi
1525 2775 1778 2861 suisque
1817 2798 1922 2841 re·-

230 2876 497 2946 servaret
522 2904 543 2958 3
593 2899 813 2966 preces
843 2875 978 2963 ejus
1008 2877 1333 2941 taciturna
1369 2876 1478 2940 sua
1506 2874 1925 2942 obstinatione

232 2981 617 3068 compreffit.
707 2979 837 3058 Sic,
887 3001 1037 3043 cum
1086 2978 1362 3044 biduum
1407 2979 1558 3044 cibo
1615 2979 1678 3042 se
1733 2980 1922 3045 absti-

154 3106 203 3158 ²5
232 3082 481 3164 nuiffet,
506 3081 722 3148 subito
752 3079 947 3146 febris
982 3079 1260 3160 deceffit,
1292 3081 1628 3167 leviorque
1655 3082 1923 3148 morbus

230 3185 344 3256 effe
403 3184 631 3272 coepit.
716 3183 971 3247 Tamen
1028 3183 1414 3269 propositum
1462 3181 1670 3247 nihilo
1719 3183 1922 3252 secius

228 3287 503 3374 peregit.
594 3287 823 3370 Itaque
852 3283 960 3349 die
1000 3283 1256 3372 quint0,
1283 3286 1616 3372 postquam
1656 3284 1722 3350 id
1763 3309 1920 3352 con-

230 3386 435 3451 filium
490 3385 749 3465 inierat,'
775 3384 980 3472 pridie
1011 3385 1283 3451 Calend.
1310 3387 1577 3474 Aprilis,
1625 3387 1748 3453 Cn.
1774 3391 1918 3454 Do-

232 3489 441 3570 mitio,
507 3489 589 3552 C.
643 3489 817 3553 Sofio
860 3488 1029 3553 Coff.
1064 3489 1342 3555 deceffit.
1432 3492 1660 3557 Elatus
1711 3494 1800 3556 est
1848 3493 1916 3558 in

152 3613 204 3658 3ο
231 3588 554 3670 lecticula,
586 3603 663 3654 ut
692 3589 818 3676 ipse
844 3590 1320 3677 praescripserat,
1352 3593 1479 3656 fine
1504 3592 1637 3656 ulla
1681 3613 1920 3681 pompa

232 3689 501 3774 funeri&
536 3691 993 3759 comitantibus
1042 3693 1344 3760 omnibus
1388 3693 1602 3777 boniS,
1633 3693 1920 3762 maxima

1010 3815 1115 3864 12
1730 3798 1916 3888 vulgi
