2587 4402
644 428 771 478 ¹20
1290 400 1692 477 neutuna.

638 561 937 640 salutem,
966 560 1368 647 quaerebant,
1384 562 1626 648 quibus
1656 558 2057 625 amicisefl'et
2076 559 2344 625 usurus:

640 662 767 727 sese
788 661 964 727 enim·
992 684 1145 727 cum
1175 664 1472 727 Eumene
1504 662 1678 749 apud
1711 684 1866 727 eum
1897 684 2028 725 non
2059 658 2349 749 futuros-

642 765 801 845 Hic,
830 764 1095 853 cognita
1120 765 1362 830 consilii
1389 766 1750 843 voluntate,
1781 777 1999 837 tamen
2023 762 2234 849 usque
2263 763 2355 827 ad

522 918 527 928 ,
640 865 985 953 septimum
1032 865 1208 931 diem
1254 865 1654 931 deliberandi
1697 865 1812 929 fibi
1861 864 2136 951 spatium
2173 863 2352 927 seli-

642 968 812 1054 quit.
900 966 1087 1033 Tum*
1108 979 1354 1047 autem,
1389 990 1539 1033 cum
1560 966 1701 1054 jam
1731 978 2060 1032 vereretur
2091 987 2177 1029 ne
2217 987 2356 1050 qua
2385 984 2420 1039 5

640 1069 869 1133 seditio
898 1070 1217 1135 exercitus
1248 1069 1544 1150 oriretur,
1573 1070 1782 1135 vetuit
1813 1068 1896 1133 ad
1937 1091 2090 1133 eum
2131 1083 2355 1155 quen-

640 1195 839 1258 quam
868 1172 1150 1253 admitti,
1186 1186 1255 1237 et
1299 1173 1750 1260 quotidianum
1783 1172 2028 1237 victum
2057 1172 2357 1249 amoveri

628 1272 852 1360 jnffit:
902 1296 1053 1339 nam
1094 1276 1376 1361 negabat
1417 1275 1482 1339 se
1523 1274 1586 1339 ei
1637 1274 1774 1339 vim
1819 1273 2201 1352 allaturum,
2234 1274 2359 1359 qui

642 1376 987 1463 aliquando
1012 1375 1223 1441 fuisset
1248 1376 1522 1441 amicus.
1591 1376 1998 1454 Hic.tamen,
2035 1396 2168 1437 non
2203 1396 2356 1439 am·
2473 1390 2483 1397 “

642 1478 841 1565 plius,
872 1500 1071 1563 quam
1102 1477 1415 1555 triduum,
1449 1476 1622 1541 fame
1667 1475 2000 1563 fatigatae,
2031 1496 2190 1539 cum
2235 1498 2355 1540 ca-
2395 1494 2447 1530 ιο

642 1580 763 1643 stra
790 1589 1227 1659 moverentur,
1258 1577 1567 1643 insciente
1604 1577 1972 1665 Anti-gono,
1988 1574 2356 1663 jugulatus

642 1681 730 1745 est
758 1702 797 1743 a
824 1679 1217 1745 custodibus.
2343 1754 2350 1761 ,

650 1853 655 1861 ,
728 1782 923 1847 XIII.
992 1782 1101 1847 Sic
1159 1784 1490 1849 Eumenes
1543 1806 1860 1850 annorum
1917 1771 2216 1870 quinque
2287 1794 2358 1849 et

642 1884 1091 1971 quadraginta,
1122 1908 1274 1951 cum
1305 1888 1390 1951 ab
1435 1910 1606 1951 anno
1649 1888 1980 1973 vigefimO,
2009 1887 2110 1951 uti
2157 1886 2357 1973 supra

632 1985 1063 2066 ostendimus,
1110 1988 1376 2075 septem*
1415 2011 1616 2053 annos
1664 1989 1964 2075 Philippo
2019 1988 2351 2075 paruifl'et,
2391 2010 2440 2063 ις

640 2098 712 2151 et
736 2088 1045 2153 tredecim
1076 2090 1249 2177 apud
1297 2091 1744 2157 Alexandrum
1789 2091 2070 2173 eundem
2115 2091 2355 2157 locum

643 2190 1038 2285 obtinuisset,
1062 2192 1135 2260 in
1168 2193 1273 2259 his
1301 2193 1418 2260 uni
1449 2188 1754 2283 equitum
1799 2193 1920 2259 alae
1967 2192 2348 2280 praefuisset,

641 2295 778 2381 post
806 2308 1025 2360 autem
1049 2295 1406 2360 Alexandri
1427 2297 1664 2383 Magni
1687 2309 1962 2360 mortem
1991 2297 2353 2382 imperator

644 2397 967 2464 exercitus
998 2395 1291 2477 duxisset,
1315 2397 1724 2484 stimmosque
1745 2398 1944 2462 duces
1971 2396 2208 2484 partim
2239 2422 2348 2464 re·

643 2495 899 2582 puliffet
942 2499 1178 2584 partim
1224 2499 1658 2578 interfeciffet,
1690 2511 1920 2586 captus
1965 2520 2096 2562 non
2139 2499 2347 2564 Anti-
2383 2522 2437 2556 2·
2542 2525 2543 2530 κ

642 2598 803 2684 goni
852 2598 1113 2678 virtute,
1160 2598 1267 2664 sed
1315 2600 1758 2665 Macedonum
1805 2599 2112 2688 perjuriO,
2143 2599 2348 2666 talem

642 2697 879 2764 habuit
922 2700 1168 2767 exitum
1229 2700 1404 2766 vitae.
1493 2702 1600 2766 De
1655 2724 1791 2787 quo
1849 2713 2088 2787 quanta
2143 2699 2350 2766 fuerit

644 2800 943 2866 omnium
988 2801 1207 2888 opinio
1260 2824 1512 2882 eorum,
1557 2802 1670 2890 qui
1713 2803 1846 2888 post
1889 2802 2345 2868 Alexandrum

642 2903 977 2990 Magnum
1006 2925 1195 2990 reges
1222 2904 1372 2968 sunt
1395 2904 1724 2991 appellati,
1753 2927 1835 2970 ex
1867 2904 1993 2970 hoc
2031 2903 2344 2970 facillime

642 3007 841 3092 potest
862 3005 1169 3094 judicari,
1212 3006 1394 3094 quod
1423 3029 1644 3087 neme,
1680 3009 1978 3073 Eumene
2013 3007 2186 3087 viVO,
2227 3029 2343 3074 rex
2375 3032 2426 3084 ις

535 3135 545 3148 ·
642 3107 996 3193 appellatus
1040 3111 1151 3188 est,
1182 3109 1286 3174 sed
1329 3107 1692 3196 praefekhzs·
1783 3111 2015 3190 Iidem,
2043 3112 2181 3198 post
2207 3112 2337 3182 hu-

629 3207 743 3294 jus
774 3210 1096 3289 occasum,
1124 3211 1330 3274 statim
1361 3209 1619 3298 regium
1643 3223 1940 3278 ornatum
1971 3234 2342 3301 nomenque

641 3309 1075 3395 sumpserunt3
1110 3333 1348 3398 neque,
1366 3312 1548 3398 quod
1577 3311 1766 3378 initio
1795 3313 2244 3400 praedicarunt,
2277 3315 2338 3380 se

640 3411 998 3476 Alexandri
1044 3412 1265 3477 liberis
1313 3435 1588 3502 regnum
1635 3414 1900 3496 servare,
1941 3416 2010 3481 id
2051 3418 2337 3502 praestare

642 3512 990 3579 voluerunt
1014 3539 1035 3596 3
1072 3527 1165 3595 et,
1198 3537 1336 3580 uno
1362 3531 1840 3604 propugnatore
1869 3517 2145 3598 sublam,
2177 3518 2334 3606 quid
2363 3538 2418 3588 ³⁰

640 3612 975 3698 sentirent,
1006 3629 1416 3706 aperuerunt.
1491 3618 1712 3706 Hujus
1740 3618 1992 3686 sceleris
2019 3611 2332 3708 principes

2065 3722 2328 3788 fuerunt
