2587 4402
897 438 1501 494 eflRONOROGIA.

593 566 752 615 Οιγκ
764 582 806 617 Ρ.
827 568 934 631 XC.

283 720 288 725 ¹
331 644 402 722 ἱ4.
438 661 715 713 Alcibiades
755 668 982 714 instaurat
1021 666 1170 717 Rem-

419 727 561 788 publ.
599 732 915 791 Argivorum.
957 733 1103 781 Diod.

579 821 794 870 ΟιγΜΡ.
817 823 948 874 XCI.

357 927 403 961 1.
435 913 951 977 Alcibiades,-Nicias,
975 934 1034 968 ac
1081 922 1169 969 La-

417 982 648 1039 machus,
693 984 840 1030 duces
882 987 1068 1032 Athen.
1108 986 1169 1034 ad

417 1044 606 1091 bellum
629 1060 747 1093 cnm
771 1048 1077 1110 Syracusanis
1090 1064 1170 1110 ge-

418 1110 627 1156 rendum
649 1112 790 1158 mifii.
857 1115 1059 1165 Diodor.
1082 1116 1167 1165 lib.

417 1187 524 1219 xm.

355 1252 404 1284 2.
437 1237 722 1297 Alcibiadis,
792 1242 924 1301 quod
1000 1252 1169 1291 eontra

419 1300 598 1363 Remp.
632 1304 935 1363 conjurasset,
959 1308 1168 1368 postula-

418 1366 504 1412 tio.
531 1367 728 1416 Diodor.
755 1370 939 1431 Nepos,
965 1372 1163 1433 aliique.

384 1429 555 1489 Pugna
575 1433 760 1479 ducum
792 1436 1166 1483 Atheniensium

418 1508 536 1541 cum
593 1496 917 1558 Syracusanis.
966 1501 1165 1549 Diodor.

417 1558 506 1605 lib.
531 1561 636 1607 xiii.
768 1603 772 1609 .

351 1637 402 1685 4.
439 1624 630 1673 Bellum
650 1626 956 1676 Decelicum.

381 1688 586 1735 Decelia
607 1692 827 1738 munitur
848 1706 877 1739 a
899 1694 1164 1755 Spartanis,

411 1752 680 1801 Alcibiadis
682 1755 830 1814 juffu,
841 1770 1010 1805 contra
1019 1760 1168 1805 Athe·

421 1818 625 1866 nienses.

566 1917 781 1965 Ourna.
803 1920 960 1967 XCII.

259 2003 280 2073 J
359 2027 407 2061 ι.
445 2012 721 2063 Alcibiades
765 2015 880 2062 exul
921 2016 1020 2077 agit
1051 2025 1168 2063 cum

419 2078 816 2137 Athenienfibus,
856 2090 912 2127 ut
957 2082 1169 2128 restitua-

421 2144 572 2189 turin
596 2144 988 2205 patrium-Diod.
1015 2145 1121 2191 ibid.

357 2221 406 2256 2.
437 2207 716 2256 Alcibiades
756 2211 821 2257 ab
863 2210 1172 2257 Atheniensi·

421 2272 514 2320 bus
550 2284 815 2322 revocatur.
849 2275 989 2322 Idem
1021 2275 1168 2322 Diod.

388 2337 728 2396 Athenienses,
753 2341 878 2386 duce
897 2339 1170 2402 Thrasyllo,

421 2412 471 2448 et
501 2403 821 2464 Thrasybulo,
856 2403 1018 2451 navali
1049 2419 1172 2465 prte-

419 2465 490 2513 lio
543 2468 936 2516 Lacedaemonios
971 2469 1172 2516 ducem-

421 2545 518 2591 que
541 2531 826 2580 Mindarum
847 2533 1069 2580 vincunt.

361 2607 406 2654 3.
441 2595 615 2643 Conon
649 2597 776 2644 sedat
797 2598 1018 2660 Corcyrae
1054 2597 1173 2644 stedi-

423 2661 626 2708 tionem.
649 2663 794 2709 Diod.

371 2725 724 2784 Athenienses,
752 2727 915 2773 iisdem
948 2725 1173 2784 ducibus,

423 2789 762 2844 Lacedaemon.
796 2793 1002 2838 vincunt
1025 2805 1172 2838 nava-

369 2873 380 2880 ·
423 2851 460 2898 li
483 2854 648 2913 praelio
679 2856 740 2900 ad
763 2856 1024 2916 Cyzicum,
1048 2855 1172 2902 duee

421 2922 594 2964 eoru'm
681 2919 907 2966 Mindaro
996 2919 1171 2967 occiso.

423 2981 570 3028 Diod.
596 2981 705 3028 ibid.

358 3059 410 3107 4.
443 3045 716 3094 Alcibiades
752 3056 800 3094 et
843 3047 1172 3110 Thrasybulus
1221 3049 1236 3066 ⁸

424 3111 475 3156 in
515 3109 726 3158 Thracia
781 3113 996 3173 prospere
1052 3127 1174 3174 pug-

424 3185 562 3222 nant.
599 3176 799 3222 Diodor.
823 3175 932 3222 ibid.

553 3271 667 3320 OLY
677 3287 714 3318 M
725 3287 768 3318 Ρ.
798 3271 978 3318 XCIII.

366 3365 410 3400 ι.
442 3350 738 3407 AlcibiadeS‚
763 3352 982 3398 Athenas
1021 3364 1174 3398 rever-

425 3415 520 3472 sus,
567 3415 622 3461 fit
662 3416 882 3462 summus
937 3417 1065 3476 imp.
1125 3423 1174 3462 et

422 3477 553 3525 brevi
578 3479 758 3530 exulat.
781 3479 924 3527 Diod.
949 3479 1060 3526 ibid.

390 3543 766 3591 Atheniensium
821 3545 881 3590 ad
946 3543 1172 3590 Andrum

423 3621 543 3656 cum
580 3608 958 3656 Lacedaemoniis
985 3621 1173 3668 pugna,-

425 3671 632 3722 ducibus
647 3673 916 3731 Alcibiade,
934 3673 1172 3722 Adiman-

1933 435 2045 503 xix

1253 614 1259 621 .
1296 586 1369 635 to,
1390 588 1437 626 et
1456 581 1775 645 Thrasybulo.
1808 588 1954 637 Diod.

1258 640 1595 703 Athenienses
1644 650 1844 699 Conone
1898 656 2047 715 duce,

1297 706 1425 754 male
1470 723 1691 771 pugnant
1736 730 1853 764 curn
1898 720 2048 767 Calli-

1296 774 1474 819 cratide
1507 776 1567 822 ad
1606 777 1970 841 Methymnam,
1996 794 2045 831 et

1296 835 1445 886 al‘tera
1500 854 1662 899 pugna
1730 844 1793 891 ad
1850 846 2049 909 Mityle.

1298 914 1433 949 nem.
1456 903 1602 951 Diod.
1626 906 1735 954 ibid.

1231 976 1279 1024 4.
1315 965 1489 1013 Conon
1512 968 1570 1014 ad
1596 970 1863 1031 Evagoram
1894 975 2043 1039 Cypri

1298 1028 1480 1089 Regem
1502 1033 1639 1094 fugit.
1674 1036 1821 1083 Diod.

1264 1092 1581 1143 Athenienses
1611 1113 1639 1145 a
1662 1101 2043 1153 Lacedaemoniit

1297 1159 1357 1204 ad
1380 1159 1531 1219 AEgos
1555 1163 1795 1223 Potamos,
1817 1180 1845 1213 a
1870 1168 2047 1229 Lysan-

1296 1222 1405 1279 dro,
1426 1226 1665 1275 debellati.
1688 1230 1834 1277 Diod.
1862 1232 1952 1279 lib.
1976 1234 2049 1281 xi.

1296 1286 1463 1348 Nepos
1486 1290 1537 1336 in
1562 1291 1788 1341 Conone.

1426 1370 1639 1419 Omne.
1668 1373 1855 1422 XCIV..

1235 1458 1277 1492 r.
1312 1446 1589 1499 Alcibiades
1610 1454 1913 1514 opprimitur.
1922 1455 2047 1507 Dio.

1296 1510 1395 1559 dor.
1420 1512 1662 1563 Plutarch.
1686 1518 1870 1579 Nepos.

1228 1589 1278 1636 4.
1311 1576 1657 1641 Thrasybulus,
1674 1582 1870 1630 devictis
1884 1593 2045 1645 tyran-

1295 1642 1393 1697 nis²
1432 1645 1807 1694 Atheniensibus
1854 1647 2045 1705 libert»-

1293 1714 1401 1751 tem·
1421 1708 1637 1756 restituit.
1660 1710 1809 1759 Diod.

1443 1786 1657 1835 Omns.
1680 1790 1831 1839 XCV.

1233 1896 1280 1931 2.
1316 1882 1493 1931 Conon
1537 1884 1819 1933 Atheniens.
1904 1885 2043 1945 exul,

1298 1946 1493 1995 Perficoe
1514 1948 1645 1995 elafii
1673 1949 1919 2010 praefeaus
1958 1952 2046 1998 ad·

1296 2012 1454 2059 versus
1468 2012 1877 2063 Lacedaemonios.
1895 2016 2047 2063 Diod.-

1296 2074 1382 2123 lib.
1406 2078 1507 2125 xiv.

1426 2158 1641 2206 omme.
1670 2158 1855 2210 xcvi.

1237 2271 1290 2306 ι..
1316 2257 1523 2318 Agefilai
1548 2273 1665 2307 cum
1688 2259 1837 2308 Persis
1860 2261 1912 2306 in
1935 2258 2053 2311 Asu

1297 2321 1503 2370 bellurn.
1524 2324 1673 2372 Diod.

1261 2385 1503 2448 Lysander
1548 2389 1647 2436 dux
1702 2387 2045 2438 Lacedaemon.

1297 2451 1359 2498 ad
1413 2452 1691 2500 Haliartum
1754 2453 2046 2502 interfectus.

1293 2515 1441 2563 Diod.
1549 2551 1557 2556 .

1234 2593 1280 2628 2.
1316 2580 1489 2626 Conon
1541 2581 1697 2630 vincit
1736 2582 2048 2630 Periarchum

1296 2644 1637 2696 Lacedaemon.
1666 2646 1819 2694 classis
1854 2648 2052 2708 praefec-

1298 2719 1427 2767 tum,
1452 2711 1521 2756 ad‘
1535 2712 1767 2758 Cnidum.
1789 2711 1937 2759 Diod.

1265 2771 1460 2820 Bellum
1504 2776 1703 2822 Sociale·
1736 2776 2051 2823 Lacedaemo-

1249 2879 1256 2884 .
1301 2851 1459 2886 mum.

1265 2901 1644 2958 Lacedaemonii,
1672 2916 1701 2948 a
1724 2902 1926 2948 Conone
1948 2902 2051 2949 vic-

1298 2965 1357 3022 ti,
1384 2967 1487 3025 post
1520 2967 1580 3012 ad
1602 2965 1897 3022 Coroneam,
1922 2967 2053 3013 duce

1298 3029 1540 3089 Agesilao,
1562 3031 1777 3091 prospere
1812 3041 2049 3091 pugnant.

1298 3093 1445 3140 Diod.

1235 3171 1282 3218 3.
1316 3158 1489 3206 Conon
1542 3171 1707 3204 muros
1764 3157 2050 3206 Atheniens.

1298 3235 1390 3280 ope
1434 3222 1784 3268 Thebanorum
1830 3223 2049 3270 restituit.

1266 3287 1531 3347 Iphicrates
1554 3287 1617 3333 ad
1638 3287 1903 3333 Lechaeum
1932 3301 2053 3334 cum

1296 3350 1517 3410 Agesilao
1538 3360 1737 3411 pugnat.
1760 3350 1911 3397 Diod.

1266 3414 1385 3462 Belli
1460 3415 1757 3462 Corinthiaci
1836 3414 2052 3464 initium.

1298 3480 1445 3527 Diod.

1232 3557 1283 3605 4.
1318 3543 1583 3604 Iphicrates
1639 3543 1701 3589 ad
1759 3546 2055 3598 Corinthum

1298 3605 1498 3655 feliciter
1554 3619 1754 3669 pugnat.
1814 3613 1965 3660 Diod.
2007 3625 2061 3663 et

1299 3672 1493 3735 Nepos.

1965 3746 2065 3797 De-

2192 3687 2221 3702 χ
