2587 4402
972 502 1195 548 cuo.
1797 478 1916 563 151¹

230 655 425 721 quam
448 633 813 720 quemlibet
834 632 1276 721 ampliffimum
1306 629 1769 697 Sardiniensem
1802 631 1920 695 tri-

231 733 585 819 umphum.

322 836 421 898 II.
468 832 887 898 Consulatum
936 834 1119 921 geffit
1146 818 1296 899 cum
1329 834 1408 900 L.
1439 832 1704 898 Valerio
1741 832 1928 897 Flac-

234 954 339 1015 co,
372 934 543 998 sorte
572 932 965 1019 provinciam
1004 935 1228 999 nactus
1260 934 1636 1026 Hispaniam
1667 934 1926 997 citerio-

180 1052 207 1105 5
235 1058 426 1117 nem3
492 1056 703 1123 exque
754 1056 831 1099 ea
882 1036 1284 1123 triumphum
1336 1037 1720 1125 deportavit.
1829 1034 1929 1099 Ibi

239 1158 392 1202 cum
454 1134 701 1201 diutius
747 1148 1127 1217 moraretur,
1186 1139 1254 1201 P.
1313 1137 1530 1223 Scipio
1583 1136 1932 1201 Africanus

240 1238 465 1303 consul
512 1237 775 1316 iterum,
808 1236 991 1324 cujus
1020 1236 1085 1299 in
1136 1236 1346 1324 priore
1371 1236 1706 1302 consulatu
1749 1260 1932 1323 quae-

242 1340 367 1403 stor
388 1336 625 1416 fuerat,
656 1337 863 1402 voluit
901 1358 1054 1401 eum
1084 1337 1167 1403 de
1218 1337 1544 1423 provincia
1586 1336 1932 1424 depellere,

242 1451 313 1503 et
339 1437 473 1525 ipse
514 1438 573 1501 ei
616 1437 1001 1517 succedere3
1050 1458 1261 1524 neque
1298 1438 1426 1502 hoc
1469 1460 1582 1525 per
1626 1439 1938 1502 Senatum

161 1568 217 1603 ιο
245 1540 499 1605 efficere
534 1539 771 1625 potuit,
804 1558 955 1603 cum
998 1537 1264 1630 quidem
1305 1539 1524 1626 Scipio
1567 1538 1634 1603 in
1679 1538 1943 1603 civitate

245 1640 679 1730 principatum
722 1640 1045 1705 obtineret
1064 1666 1084 1704 ι
1129 1640 1308 1726 quod
1345 1652 1488 1706 tum
1533 1663 1666 1706 non
1705 1651 1938 1729 poten-

247 1745 365 1825 tia,
416 1743 527 1808 sed
574 1742 747 1831 jure,
798 1742 1072 1829 respubl.
1120 1742 1699 1808 administrabatur.
1789 1742 1946 1809 Qua

252 1864 335 1911 ex
376 1864 451 1909 re
490 1842 717 1923 iratus,
748 1844 993 1909 Senatu
1035 1843 1318 1931 peracte,
1347 1844 1633 1931 privatus
1675 1842 1741 1907 in
1784 1842 1948 1908 urbe

253 1945 509 2011 mansit.
598 1944 695 2007 At
737 1943 927 2023 Cat0,
980 1943 1205 2008 censor
1244 1966 1397 2009 cum
1439 1944 1670 2009 eodem
1715 1944 1948 2007 Flacco

172 2076 221 2129 ις
257 2046 493 2123 fufius,
524 2045 735 2109 severe
764 2042 1025 2129 praefuit
1052 2044 1114 2109 ei
1157 2046 1471 2131 potestati.
1561 2048 1738 2109 Nam
1767 2057 1838 2108 et
1879 2042 1946 2107 in

258 2148 633 2236 complures
670 2144 921 2210 nobiles
962 2144 1442 2226 animadvertit,
1471 2160 1539 2210 et
1583 2144 1820 2210 multas
1845 2162 1950 2208 rea

258 2249 555 2336 novasin
586 2247 875 2312 edictum
918 2246 1189 2328 addidit,
1214 2269 1347 2334 qua
1377 2267 1444 2311 re
1469 2247 1722 2311 luxuria
1749 2245 1950 2331 repri-

258 2351 569 2430 meretur,
619 2371 769 2436 quae
814 2349 955 2436 jam
1014 2361 1159 2414 tum
1206 2347 1555 2436 incipiebat
1611 2348 1950 2436 pullulare.

262 2453 543 2521 Circiter
585 2471 789 2516 annos
832 2449 1194 2538 octoginta,
1239 2449 1440 2536 usque
1477 2450 1558 2514 ad
1599 2463 1954 2516 extremam

177 2596 233 2630 20
263 2568 523 2622 aetatem
570 2554 653 2617 ab
704 2549 1159 2630 adolescentia,
1198 2551 1478 2638 reipubl.
1529 2550 1714 2616 causa
1760 2548 1952 2614 susci-

264 2679 421 2746 pere
449 2651 823 2719 inimicitias
856 2673 989 2714 non
1021 2649 1257 2715 destitit
1290 2676 1308 2715 ε
1351 2674 1390 2716 a
1417 2651 1642 2718 multis
1668 2663 1956 2716 tenta-tus

267 2781 399 2823 non
428 2755 630 2820 modo
672 2751 927 2816 nullum
972 2749 1434 2816 detrimentum
1476 2751 1959 2816 existimationis

268 2857 451 2936 fecit,
479 2855 585 2920 sed
614 2852 827 2942 quoad
856 2851 1017 2916 vixit
1043 2851 1356 2915 virtutum
1386 2852 1576 2918 laude
1605 2855 1830 2917 crevit.

360 2959 492 3023 III.
540 2957 617 3020 In
648 2953 953 3019 omnibus
980 2951 1170 3016 rebus
1199 2951 1494 3040 singulari
1525 2951 1651 3017 fuit
1673 2951 1959 3040 pruden-

187 3094 243 3148 ²5
273 3062 368 3128 tia
414 3071 485 3124 et
530 3055 853 3123 industria.
940 3055 1118 3118 Nam
1175 3064 1245 3117 et
1291 3053 1576 3140 agricola
1628 3053 1843 3135 solem,
1895 3069 1964 3120 et

276 3162 553 3250 reipubl.
601 3158 895 3246 perime„
912 3167 981 3218 et
1009 3152 1528 3241 jurisconsultu8‚
1566 3165 1634 3220 et
1683 3175 1964 3242 magnus

279 3268 651 3352 imperator,
702 3272 772 3325 et
826 3255 1175 3344 probabilis
1223 3269 1457 3335 orator,
1517 3271 1586 3322 et
1641 3257 1962 3345 cupidiffi-

282 3387 430 3430 mus
468 3363 800 3427 literarum
848 3357 995 3422 fuit.
1088 3357 1382 3422 Quarum
1417 3359 1694 3423 studium
1723 3358 1835 3423 etfi
1869 3357 1966 3422 se-

286 3465 429 3532 nior
466 3461 839 3548 arripuerat,
868 3469 1083 3522 tamen
1134 3469 1387 3521 tantum
1437 3457 1506 3521 in
1545 3459 1640 3522 eis
1673 3456 1966 3545 progres-

200 3609 258 3654 30
287 3566 423 3631 sum
467 3563 647 3641 fecit,
676 3573 755 3626 ut
800 3581 929 3623 non
975 3557 1165 3623 facile
1209 3559 1484 3644 reperire
1519 3559 1727 3646 postia,
1761 3581 1970 3646 neque
2067 3607 2073 3612 -

288 3666 369 3732 de
400 3662 671 3742 Graecis,
704 3683 916 3748 neque
942 3660 1025 3725 de
1056 3658 1302 3726 Italicis
1331 3662 1550 3752 rebus2
1570 3660 1746 3750 quod
1772 3660 1834 3726 ei
1860 3660 1972 3726 fu·-

1086 3779 1137 3825 n
1166 3779 1215 3841 4
1824 3762 1980 3845 ‚erit
