2587 4402
616 470 704 535 4³
1223 466 1726 518 Ammaous.

617 603 915 683 cibiadiS,
933 612 1011 667 ut
1037 602 1118 667 ad
1147 601 1284 689 ejus
1312 603 1637 667 triremem
1670 601 1905 689 vulgus
1936 600 2314 680 conflueret,

617 705 881 792 perinde
933 725 1008 768 ac
1057 703 1099 765 fi
1149 702 1319 767 solus
1368 703 1735 769 advenisset.
1826 703 1937 769 Sic
1978 704 2151 769 enim
2192 716 2319 789 po-·

619 807 774 893 puio
809 819 943 871 erat
989 804 1379 891 persuasum,
1404 819 1473 870 et
1504 800 1789 870 adversas
1827 805 2203 893 superioreS,
2248 816 2319 871 et

618 910 960 995 praesentes
1015 906 1323 973 secundas
1384 895 1487 973 ree
1560 908 1849 974 accidiffe
1906 907 2045 995 ejus
2100 930 2314 995 opera.

621 1016 850 1099 Itaque
879 1024 946 1076 et
973 1010 1212 1076 Siciliae
1256 1001 1547 1076 amiffum
1600 1011 1968 1100 imperium,
2016 1025 2083 1076 et
2112 1014 2317 1076 Lace&
2357 1024 2390 1076 5

561 1190 566 1195 ⁸
617 1116 1085 1179 daemoniorum
1135 1115 1433 1179 victorias
1490 1116 1697 1203 culpae
1746 1116 1876 1180 suae
1926 1116 2318 1195 tribuebant,

617 1216 794 1303 quod
821 1216 1018 1281 talem
1055 1216 1260 1281 virum
1306 1238 1345 1280 e
1386 1216 1646 1283 civitate
1690 1216 2087 1303 expuliss'ent.
2176 1218 2319 1282 Ne-'

620 1340 747 1405 que
791 1318 860 1383 id
911 1318 1039 1382 fine
1087 1317 1276 1383 causa
1322 1320 1613 1385 arbitrari
1666 1320 2052 1384 videbantur
2074 1344 2093 1382 t
2170 1340 2321 1383 nam

619 1424 958 1509 postquam⁴
983 1421 1292 1486 exercitui
1320 1422 1575 1509 praeeffe
1612 1434 1918 1511 coeperat,
1950 1444 2159 1509 neque
2190 1434 2320 1487 ter-

620 1547 712 1605 ra,
745 1546 958 1613 neque
985 1523 1146 1588 mari
1174 1524 1383 1589 hostes
1413 1544 1595 1611 pares
1613 1524 1753 1589 -effe
1782 1538 2141 1611 potuerant.
2170 1525 2322 1601 ,Hic
2368 1542 2439 1579 π’

621 1638 700 1689 ut
727 1624 874 1691 navi
903 1608 1184 1712 egressus
1221 1626 1333 1706 est,
1376 1648 1747 1713 quanquam
1787 1626 2227 1691 Theramenes
2254 1638 2323 1693 et

620 1726 1092 1815 Thrasybulus·
1113 1726 1349 1792 eisdem
1400 1728 1595 1793 rebus
1638 1728 2051 1816 praefuerant,
2102 1728 2323 1793 fimul-

621 1852 752 1916 que
779 1841 1086 1895 venerant
1126 1830 1196 1893 in
1227 1828 1587 1917 Pyraeeum,
1616 1844 1831 1895 tamen
1880 1818 2065 1895 illum
2114 1850 2327 1894 unum

619 1950 846 1995 omnes
892 1929 1457 2014 prosequebantur,
1489 1944 1579 2007 et,
1620 1933 1712 2009 id,
1764 1932 1941 2017 quod
1990 1954 2323 2018 nunquam

619 2043 812 2097 antea
866 2030 984 2095 usu
1039 2042 1325 2110 venerat,
1386 2029 1496 2095 nifi
1558 2031 1887 2120 Olympiae
1946 2033 2321 2114 vicioribus,
2368 2042 2424 2095 ¹3

621 2125 876 2201 coronis
907 2133 1114 2199 aureis
1143 2132 1460 2220 aeneisque
1488 2133 1686 2222 vulgo
1731 2134 2111 2200 donabatur.
2160 2182 2167 2189 ·
2204 2136 2327 2201 Ille

621 2237 980 2325 lacrymans
1010 2235 1209 2302 talem
1237 2235 1755 2302 benevolentiam
1790 2238 2033 2302 civium
2063 2239 2327 2303 suorum

622 2341 1000 2427 accipiebat,
1038 2339 1449 2406 reminiscens
1498 2341 1738 2429 pristini
1787 2341 2093 2430 temporis
2140 2359 2331 2408 aceri

591 2529 595 2533 Ι
621 2442 946 2510 bitatem.·
1016 2442 1349 2528 Postquam
1380 2445 1513 2508 astu
1546 2444 1749 2525 venit,
1782 2441 2093 2510 concion'e
2122 2443 2331 2510 advo-‘

521 2623 528 2630 .
625 2555 790 2623 cata,
823 2543 904 2608 fic
936 2545 1126 2608 verba
1155 2543 1336 2623 fecit,
1366 2557 1443 2609 ut
1473 2567 1667 2610 nemo
1710 2558 1845 2611 tam
1888 2545 2061 2611 ferus
2104 2546 2323 2627 fuerit,
2365 2566 2437 2602 ποτ

623 2646 783 2734 quin
829 2644 968 2732 ejus
1013 2645 1226 2710 casum
1269 2645 1663 2736 lacrymarit,
1708 2649 2178 2736 inimicumque
2223 2648 2329 2714 his

621 2749 686 2812 se
725 2747 1092 2828 ostenderit,
1122 2771 1403 2835 quorum
1446 2771 1636 2835 opera
1682 2750 1889 2840 patria
1926 2749 2142 2837 pulsus
2182 2748 2329 2814 fue-

623 2861 768 2930 ταῖς
817 2849 1080 2937 perinde
1107 2872 1184 2914 ac
1216 2835 1471 2914 fifflius
1517 2850 1817 2938 populuS,
1849 2873 1979 2914 non
2028 2849 2139 2915 isse
2171 2851 2332 2938 ipse,

623 2953 740 3040 qui
765 2963 906 3017 tum
949 2953 1168 3032 flebat,
1199 2975 1354 3017 eum
1394 2953 1710 3040 sacrilegii
1738 2953 2106 3018 damnaffet.
2198 2955 2330 3018 Re-

621 3055 840 3120 stituta
881 3077 1038 3142 ergo
1080 3055 1234 3120 huic
1276 3057 1422 3120 sunt
1458 3048 1716 3143 publice
1744 3057 1957 3139 bona3
2001 3055 2333 3144 iidemque
2368 3078 2425 3130 ις

623 3156 720 3222 illi
754 3157 1158 3243 Eumolpidae
1185 3159 1542 3224 sacerdotes
1582 3160 1795 3228 rursus
1836 3161 2143 3226 resecrare
2182 3161 2333 3226 sunt

625 3257 858 3337 coacii,
904 3258 1019 3346 qui
1061 3281 1212 3323 eum
1263 3260 1695 3341 devoverant3
1740 3262 2017 3349 pilaeque
2059 3260 2212 3342 illae,
2258 3261 2329 3326 in

625 3359 866 3446 quibus
893 3359 1156 3427 devotio
1185 3358 1395 3427 fuerat
1421 3361 1669 3450 scripta,
1700 3363 1769 3426 in
1812 3382 1987 3428 mare
2030 3362 2325 3452 praecipi-

625 3471 808 3526 tatae.

721 3564 882 3630 VII.
931 3565 1100 3628 Haec
1127 3561 1460 3629 Alcibiadi
1504 3564 1729 3630 laetitia
1756 3565 1973 3631 minus
2010 3565 2141 3632 fuit
2174 3565 2324 3632 diu-
2364 3599 2424 3646 30

611 3673 840 3732 tuma.
913 3665 1116 3748 Nam,
1139 3687 1293 3732 cum
1312 3665 1605 3740 ‚ei-effent
1646 3681 1879 3734 omnes?
1894 3668 2171 3734 honores
2208 3667 2325 3732 de-

2140 3769 2323 3853 creti,
