2587 4402
670 454 790 512 2‘66
1056 471 1302 514 :munz
1327 473 1556 513 nnnc-u
1587 473 1664 514 m·
1693 473 2066 518 unisonum.
2100 454 2112 460 “
2177 493 2190 501 ·

656 600 1033 658 consuetudine,
1084 611 1161 658 10,
1206 616 1251 660 3.
1292 611 1338 646 et
1378 597 1507 648 alibi.
1559 601 1926 659 consuetudine,
1951 599 2186 664 societate,
2227 598 2436 657 eonius,

735 677 845 725 153,
876 676 951 721 17.
984 665 1406 722 consuetudinem,
1441 679 1522 726 39,
1553 680 1628 728 14.
1650 676 1695 712 et
1725 666 1854 713 alibi.
1887 665 2271 723 consuetudinis,
2303 666 2363 712 sc.
2391 664 2437 710 de

730 730 901 774 ratione
920 739 964 775 et
984 728 1181 789 irsst'tuto
1200 731 1338 786 vita,
1361 732 1444 786 87,
1473 744 1548 777 10.

664 794 1029 848 consueverant,
1056 808 1135 853 34,
1161 808 1189 841 2
1195 807 1239 852 3.
1272 804 1320 839 et
1339 793 1469 840 alibi.
1503 793 1832 853 consueverat,
1863 808 1950 856 40,
1989 808 2065 842 10.
2097 792 2302 840 caelibi.
2337 805 2439 839 con-

728 857 947 913 sueverit,
972 867 1053 918 54,
1083 871 1157 904 10·
1188 859 1561 916 consueverunt,
1584 872 1666 919 51,
1691 859 1739 906 6.

663 921 852 978 consul,
883 935 992 981 141,
1019 935 1091 980 13.

662 985 917 1033 consulam
940 985 1085 1042 mihi,
1113 994 1223 1043 171,
1246 1000 1295 1046 9.

658 1049 951 1106 consulares,
979 1064 1087 1110 141,
1116 1064 1191 1100 12.

662 1113 903 1167 consulas,
929 1124 1012 1174 95,
1042 1128 1115 1161 10.

666 1177 973 1226 consulatum
991 1178 1144 1239 geffit,
1174 1193 1284 1240 151,
1311 1194 1356 1238 3.
1391 1179 1664 1236 consulatu,
1695 1189 1803 1240 150,
1827 1189 1876 1240 5.
1896 1189 1945 1224 et
1963 1177 2095 1226 alibi.

664 1241 883 1299 consule,
914 1257 1023 1302 134,
1052 1257 1126 1303 14.
1149 1253 1195 1288 et
1214 1242 1346 1290 alibi.
1379 1243 1652 1300 consulem,
1681 1257 1790 1304 141,
1813 1258 1862 1304 4.
1885 1255 1932 1289 et
1949 1243 2079 1290 alibi.

662 1305 1047 1364 consulentibus,
1084 1321 1131 1366 3,
1171 1321 1245 1366 ¹4·
1278 1307 1528 1354 consulere
1558 1309 1742 1368 patriae,
1777 1321 1859 1369 95,
1883 1311 1931 1356 8.
1965 1306 2272 1355 consulerent
2299 1305 2444 1368 Apol-

728 1369 903 1428 linem,
929 1385 979 1431 3,
1008 1385 1027 1417 1
1044 1386 1083 1417 1.
1118 1371 1422 1424 confulerent
1442 1373 1584 1419 rebus
1605 1372 1721 1428 suis,
1745 1385 1826 1431 34,
1856 1383 1932 1429 17.

664 1433 904 1490 consules,
934 1450 1040 1496 141,
1065 1437 1111 1482 8.
1146 1445 1191 1481 et
1220 1435 1350 1482 aiibi.
1385 1436 1592 1496 consuli,
1635 1449 1744 1498 150,
1773 1447 1848 1497 15.
1885 1434 2187 1495 consulibus,
2226 1449 2332 1497 143,
2365 1434 2441 1484 26.

731 1509 777 1544 et
797 1497 926 1547 alibi.
961 1497 1239 1557 consulum,
1268 1511 1381 1562 157,
1407 1514 1488 1561 24.

664 1563 965 1620 consultum,
999 1579 1073 1621 12,
1100 1563 1177 1613 26.
1200 1574 1244 1609 et
1264 1563 1393 1610 alibi.

664 1627 968 1674 consuluerat
992 1627 1121 1674 male
1142 1628 1328 1689 patriae,
1351 1628 1558 1674 damnum
1581 1627 1816 1684 attulerat,
1847 1641 1954 1687 123,
1977 1642 2027 1688 4.

662 1691 980 1740 consumebat
996 1692 1269 1752 plurimum
1303 1693 1441 1740 studii
1469 1694 1526 1737 in
1559 1693 1726 1749 armis,
1758 1693 1824 1739 sc.
1857 1709 2024 1738 armor.
2054 1691 2262 1739 exercitio
2279 1692 2444 1755 sepias

730 1757 956 1812 utebatur,
990 1758 1073 1813 88,
1109 1771 1188 1804 22.
1224 1756 1624 1816 consumpserant
1657 1757 1856 1812 talenta,
1895 1767 1974 1813 72,
2009 1771 2057 1815 9.
2085 1755 2447 1818 confumpfiffet

730 1830 825 1866 tres
844 1820 1029 1868 menses
1052 1822 1103 1866 in
1118 1821 1309 1878 morbo,
1330 1822 1393 1866 se.
1411 1817 1584 1867 tamdiu
1605 1819 1874 1884 aegroraſj‘et,
1903 1832 2012 1879 170,
2032 1832 2111 1883 25.
2135 1821 2447 1883 consumptus

730 1885 797 1931 est
820 1885 1011 1941 morbo,
1034 1884 1097 1930 sc.
1122 1885 1316 1942 interiit,
1343 1899 1454 1944 132,
1473 1887 1520 1932 8.
1883 1895 1890 1902 ’

666 1949 967 2005 contectum,
989 1949 1073 2008 46,
1100 1951 1159 1996 26

666 2015 1070 2070 contemnebant,
1105 2024 1213 2070 107,
1250 2013 1324 2060 18.
1361 2013 1741 2069 contemnenda,
1779 2014 1860 2070 88,
1893 2027 1968 2072 13.
2002 2013 2446 2071 contemnentibus,

730 2091 814 2138 49,
836 2091 907 2124 12.
932 2078 1184 2124 contemni
1206 2078 1331 2124 nihil
1353 2089 1542 2138 oportet
1562 2078 1612 2124 in
1647 2077 1795 2136 beiio,
1819 2089 1902 2138 49,
1932 2079 2006 2125 18.
2039 2077 2447 2138 contempserunt,

736 2144 845 2198 108,
862 2143 911 2189 8.
930 2151 974 2188 et
995 2140 1125 2188 alibi.
1142 2151 1473 2203 contemptus,
1491 2155 1576 2205 49,
1602 2156 1621 2188 1
1634 2156 1653 2188 1
1665 2175 1676 2188 .

664 2208 999 2263 contenderat,
1021 2206 1083 2253 sc.
1118 2208 1295 2270 cursum
1323 2207 1569 2264 direxerat,
1597 2217 1676 2268 74,
1713 2206 1759 2253 6.
1793 2205 2104 2262 contendere,
2129 2205 2194 2252 sc.
2208 2204 2445 2269 prqficfie',

734 2286 815 2329 31,
857 2285 903 2330 9.
940 2272 1249 2328 contendere,
1284 2271 1340 2317 de
1379 2271 1518 2328 luda,
1537 2272 1620 2328 88,
1655 2285 1736 2319 21.
1771 2270 2081 2325 contendere,
2113 2268 2178 2316 sc.
2211 2268 2446 2333 firmare,

736 2336 847 2394 163,
872 2336 950 2383 26.
975 2336 1342 2392 contenderent,
1364 2336 1428 2382 se.
1462 2334 1622 2382 bellum
1651 2344 1872 2397 gererent,
1907 2346 1989 2395 54,
2027 2336 2107 2381 28.
2141 2336 2448 2383 contenderet

732 2414 817 2459 per
838 2398 947 2446 locu
974 2399 1092 2457 sola,
1104 2409 1191 2461 per
1211 2399 1400 2446 locorum
1421 2399 1711 2464 silitudinem
1745 2398 1978 2455 incederet,
2008 2412 2026 2443 1
2041 2398 2117 2455 16,
2144 2412 2222 2445 21.
2254 2408 2448 2446 00111011-

730 2463 845 2511 diffe
868 2465 1068 2511 inimica
1092 2472 1275 2520 mente,
1299 2464 1352 2510 de
1373 2464 1587 2510 acerrimo
1608 2463 1830 2525 canonista,
1853 2463 1900 2507 in
1921 2461 2062 2524 prael.
2093 2476 2112 2508 1
2128 2476 2203 2519 12,
2228 2477 2304 2521 13.
2337 2476 2450 2509 con·

729 2529 905 2585 tendit,
930 2528 993 2575 fe.
1016 2526 1320 2591 qffeveranter
1339 2528 1470 2585 dici-r,
1501 2529 1575 2585 16,
1601 2542 1676 2590 19.
1699 2528 1951 2575 contendit
1973 2540 2090 2573 cum
2113 2540 2173 2573 eo
2195 2526 2259 2573 de
2279 2528 2451 2589 princi-

730 2604 867 2654 patu,
890 2591 945 2638 de
964 2590 1259 2639 emulationis
1282 2591 1538 2648 certamine,
1561 2602 1712 2639 utrum
1731 2590 2003 2637 alteralteri
2035 2591 2084 2637 r'n
2105 2590 2450 2653 admimssrmh

591 2706 599 2714 ,
728 2656 925 2703 civitate
946 2655 1133 2712 eederet,
1156 2670 1235 2713 21,
1262 2671 1308 2714 3.
1333 2657 1666 2703 contendit-de
1687 2656 1890 2709 honore,
1924 2668 2029 2712 101,
2047 2669 2126 2702 20.

666 2721 937 2776 contentio,
952 2720 1009 2765 de
1029 2721 1126 2767 acri
1149 2731 1193 2767 et
1212 2721 1426 2781 ambigua
1445 2720 1772 2777 delibemae'one,
1795 2731 1846 2777 7,
1864 2734 1912 2780 4.
1925 2718 2248 2767 contentione
2267 2718 2450 2767 diutina

727 2786 1027 2841 destiterunt,
1050 2797 1131 2843 73,
1149 2799 1191 2843 3.
1216 2786 1267 2831 in
1290 2786 1661 2831 contentionem
1683 2784 2086 2846 compellabatur,
2115 2796 2194 2843 39,
2223 2796 2303 2830 11.
2335 2796 2449 2830 eon-

726 2851 997 2896 tentionem
1022 2850 1213 2905 habuit,
1243 2862 1349 2904 101,
1369 2863 1414 2909 5.

634 2950 640 2955 -
662 2914 881 2961 contenti
902 2916 1085 2960 erimus
1110 2926 1213 2959 uno
1234 2912 1530 2969 testimonio,
1552 2912 1619 2959 sc.
1643 2926 1786 2961 mm
1805 2908 2004 2975 remlg‘ffi
2017 2908 2230 2973 sataerit,
2269 2921 2350 2973 74,
2375 2924 2448 2971 30.

724 2986 986 3025 contentus
1008 2979 1215 3033 honore,
1244 2988 1356 3038 157,
1379 2980 1457 3025 26.
1479 2986 1740 3024 contentus
1759 2977 1973 3031 fortuna,
1993 2984 2080 3036 45,
2100 2988 2174 3037 ¹4·

661 3043 881 3091 contexit
900 3043 1091 3102 optima
1110 3042 1256 3098 veste,
1277 3052 1360 3099 77,
1381 3056 1460 3101 31.
1483 3050 1768 3089 contextam
1788 3040 2058 3097 historiam,
2085 3041 2194 3096 167,
2211 3053 2262 3099 3.

658 3106 883 3167 contigit,
904 3106 989 3165 48,
1014 3117 1063 3162 7.
1086 3116 1131 3151 et
1152 3105 1283 3151 alibi.

656 3172 934 3226 continens,
960 3172 1042 3227 88,
1064 3171 1143 3217 28.

660 3236 1095 3294 continentemque
1115 3244 1312 3290 terram,
1336 3248 1413 3293 13,
1435 3244 1510 3291 17.
1533 3232 1832 3289 00111ἰ110111ἰ,
1855 3232 2039 3296 absidas.
2054 3241 2142 3293 pro
2163 3242 2308 3291 terra,
2329 3247 2381 3293 9,
2405 3242 2450 3295 5.

660 3300 995 3354 continentiae,
1016 3298 1125 3358 164,
1146 3308 1225 3358 25.
1248 3298 1564 3354 continentis,
1596 3297 1706 3343 ibid.
1726 3298 1803 3345 28.
1833 3340 1840 3349 ,

660 3362 987 3413 contineretur
1018 3363 1123 3422 ejus
1157 3361 1384 3423 hospitio,
1419 3362 1484 3409 sc.
1509 3362 1588 3437 qui
1622 3361 1839 3425 hospitum
1873 3360 1962 3422 q'us
1994 3377 2172 3407 numero
2201 3361 2450 3416 baberetur,

726 3440 807 3487 34,
828 3440 879 3487 4.
904 3426 1159 3483 contineri,
1182 3426 1249 3473 sc.
1272 3426 1322 3472 in
1352 3426 1560 3473 amicitm
1595 3424 1830 3484 ardiffime
1851 3425 2085 3484 coharere,
2109 3428 2192 3487 85,
2217 3427 2266 3473 6.
2297 3425 2450 3473 conti-

722 3500 807 3539 net
846 3505 863 3536 1
906 3504 933 3539 2
1012 3524 1025 3537 .

660 3524 849 3611 contre,
872 3500 1106 3617 {effi-ep.
1130 3569 1182 3614 2,
1212 3568 1288 3602 12.
1312 3563 1356 3601 et
1377 3550 1672 3619 alibisaepiffl
1703 3563 1891 3614 contra,
1909 3553 2023 3602 adv.
2061 3568 2138 3616 14,
2167 3564 2312 3612 17.&
2341 3552 2450 3599 alibi

704 3618 897 3683 sapius.

2177 3680 2452 3738 001111ιᾶ2,
