2587 4402
781 381 1384 431 nummozwas.
1845 386 1924 455 9¹

220 512 397 577 rium
432 512 497 577 in
524 512 1023 581 administranda
1046 516 1298 603 republ.
1331 517 1480 583 satie
1505 519 1930 587 exercitatum

220 615 286 677 in
340 614 655 695 dicendO,
702 629 781 681 ut
826 617 1221 685 Thebanum
1268 619 1532 687 scilicet.
1621 622 1932 710 Namque

218 716 315 781 illi
344 717 542 805 genti
570 718 721 805 plus
752 718 909 785 inest
938 720 1197 801 virium,
1229 744 1424 807 quam
1471 722 1746 811 ingenii.
1837 726 1938 805 Is,

219 819 403 904 quod
435 820 501 885 in
536 842 607 885 re
636 819 901 887 militari
943 822 1169 887 florere
1198 822 1716 910 Epaminondam
1749 824 1930 891 vide-

165 939 187 989 5
216 920 359 999 bat,
396 921 647 987 hortasi
692 920 937 987 solebat
962 922 1334 1004 ThebanOS,
1365 936 1442 989 ut
1485 946 1711 1011 pacem
1753 925 1932 991 bello

220 1022 645 1102 anteferrent,
680 1046 766 1088 ne
802 1024 977 1091 illius
1006 1026 1408 1112 imperatoris
1459 1049 1652 1114 opera
1679 1026 1924 1094 defide-

222 1143 496 1195 raretur.
588 1131 771 1197 Huic
820 1130 957 1211 ille,
991 1131 1213 1211 Fallis,
1254 1130 1492 1219 inquit,
1537 1132 1718 1199 veibo
1770 1133 1930 1199 cives

226 1244 374 1311 tuos,
409 1234 576 1319 quod
600 1233 703 1297 hos
746 1258 786 1296 a
819 1232 968 1297 bello
1012 1258 1253 1299 avocas.
1349 1232 1478 1299 Otii
1517 1232 1672 1297 enim
1699 1234 1934 1299 nomine

206 1336 575 1419 servitutem
632 1331 933 1404 concilias.
1046 1336 1214 1401 Nam
1270 1338 1518 1425 paritur
1565 1352 1692 1424 pax
1751 1336 1932 1402 bello.·

150 1460 199 1495 ιο
228 1438 467 1525 Itaque,
490 1439 599 1526 qui
628 1463 699 1503 ea
729 1438 971 1503 diutina
998 1438 1215 1505 volunt
1228 1440 1404 1527 frui,
1437 1438 1588 1503 bello
1626 1438 1936 1503 exercitati

229 1542 339 1627 ff
360 1541 601 1606 debent.
700 1542 927 1628 Quare,
941 1542 1010 1627 fi
1021 1541 1325 1630 principes
1355 1542 1626 1607 Graeciae
1652 1542 1760 1629 effi
1781 1538 1930 1607 vul-

232 1642 327 1721 tis,
356 1642 573 1729 castris*
592 1642 667 1729 ¹?st
691 1643 863 1708 vobis
888 1644 1201 1723 utendum,
1231 1668 1350 1709 non
1370 1642 1684 1730 palaestra.
1742 1642 1932 1707 Idem

233 1742 337 1808 ille
370 1744 785 1811 Meneclides
814 1768 967 1811 cum
994 1746 1152 1811 huic
1188 1744 1524 1833 objiceret,
1553 1743 1728 1832 quod
1759 1744 1930 1810 libe-

235 1868 335 1911 ros
360 1870 501 1913 non
530 1848 824 1929 haberet,
859 1870 1074 1935 neque
1101 1869 1372 1913 uxorem
1413 1845 1712 1927 duxiffet,
1743 1867 1930 1911 max-

160 1964 209 2013 15
239 1946 496 2036 imeque
538 1948 971 2029 insolentiam,
1024 1948 1201 2035 quod
1251 1948 1366 2015 fibi
1412 1948 1934 2037 Agamemnonis

238 2050 385 2118 belli
412 2050 697 2139 gloriam
728 2049 1053 2116 videretur
1075 2050 1500 2126 consecutus:
1533 2060 1602 2114 at
1627 2049 1764 2129 ille,
1798 2050 1932 2113 De-

219 2152 369 2238 fine,
402 2152 647 2241 inquit,
670 2152 1034 2233 Meneclide,
1065 2152 1139 2218 de
1164 2176 1350 2220 uxore
1375 2150 1526 2218 mihi
1551 2150 1936 2240 exprobrare.

239 2255 399 2321 Nam
424 2255 657 2322 nullius
674 2256 741 2322 in
767 2255 878 2343 {sta
904 2279 971 2320 re
996 2255 1215 2337 minus,
1236 2279 1419 2344 quam
1440 2268 1562 2334 tuo,
1591 2253 1685 2318 uti
1705 2253 1936 2339 confilio

239 2357 393 2424 volo.
492 2358 831 2444 (Habebat
854 2357 1033 2432 enim
1062 2355 1466 2422 Meneclides
1511 2354 1936 2443 suspicionem

164 2475 215 2514 ²0
240 2458 589 2544 adulterii.)
686 2459 861 2525 Quod
914 2473 1111 2526 autem
1154 2485 1244 2524 me
1284 2459 1798 2548 Agamemnonem
1839 2483 1934 2524 ce-

241 2560 460 2626 mulari
495 2575 702 2650 putas,
734 2561 1019 2649 falleris.
1110 2561 1390 2650 Namque
1439 2560 1548 2624 ille
1600 2583 1729 2626 cum
1787 2560 1932 2626 uni-
2031 2611 2034 2614 .

242 2665 411 2752 versa
446 2664 699 2728 Graecia
726 2665 842 2730 vix
872 2665 1063 2728 decem
1090 2666 1267 2728 annis
1293 2689 1483 2728 unam
1509 2665 1658 2752 cepit
1683 2663 1886 2727 urbem
1907 2687 1928 2741 ;

243 2791 341 2856 ego
384 2780 591 2843 eontra
620 2791 693 2832 ex
718 2773 845 2832 ima
872 2768 1023 2832 urbe
1046 2767 1266 2856 nostra,
1311 2767 1516 2856 dieque
1559 2791 1701 2844 uno,
1747 2777 1935 2832 totam

250 2870 577 2950 Graecinm,
610 2869 1372 2958 Lacedaemoniisfhgatis,
1403 2867 1688 2934 liberavi.

174 2983 218 3036 ²5
322 2974 444 3039 VI.
494 2971 682 3036 Idem
712 2994 864 3036 cum
894 2970 962 3035 in
992 2983 1387 3041 conventum
1431 2969 1694 3036 venifl‘et
1720 2967 1930 3032 Arca-

250 3075 394 3140 dum
451 3085 682 3162 petens
728 3087 807 3140 ut
862 3055 1236 3162 societatem
1282 3094 1434 3136 cum
1483 3071 1818 3136 Thebanis
1865 3085 1936 3136 et

252 3177 505 3266 Argivis
532 3175 818 3241 facerent
841 3201 861 3255 3
910 3187 1261 3262 contraque
1290 3173 1690 3240 Callistratus
1719 3173 1934 3238 Athe-

257 3279 550 3344 niensium
582 3278 861 3367 legatuS,
886 3278 999 3364 qui
1024 3265 1394 3364 eloquentia
1417 3295 1640 3342 omnes
1663 3299 1744 3342 eo
1765 3299 1932 3362 pree-

260 3382 439 3445 stabat
470 3392 789 3467 tempore,
818 3379 1183 3466 postularet,
1212 3391 1291 3444 ut
1331 3381 1552 3468 potius
1577 3373 1957 3444 amicitiam*

193 3505 239 3551 ³0
263 3468 653 3570 sequerentur
683 3481 1079 3560 Atticorum,
1102 3479 1258 3545 etin
1283 3481 1570 3546 oratione
1599 3479 1706 3543 sua
1729 3478 1936 3544 multa

264 3586 535 3654 invectus
564 3583 715 3650 effet
743 3584 811 3648 in
829 3583 1183 3650 Thebanos
1202 3596 1273 3650 et
1292 3583 1600 3674 Argivos,
1626 3583 1691 3646 in
1716 3582 1940 3669 eisque

1807 3685 1938 3750 hoo
