2587 4402
608 410 732 478 160
1258 424 1622 479 urrunsa

602 560 883 648 aliquam
902 544 1354 626 consecuturos
1365 563 1705 650 sperabant
1723 550 2296 627 commoditatem:

604 664 873 730 Antonii
906 664 1249 729 familiares
1288 658 1675 753 inseq'ueban
1683 682 1806 747 tur,
1839 690 2111 731 uxorem
2147 668 2297 731 Ful‘·

498 788 503 792 ⁴
602 764 771 829 viam
806 760 1111 830 omnibus
1147 767 1342 830 rebus
1371 768 1636 851 spoliare
1661 767 2032 853 cupiebant,
2065 768 2300 831 liberos

605 866 799 931 etiam
827 868 1211 952 extinguere
1240 870 1569 953 parabant.
1658 868 1946 946 Atticae,
1979 890 2136 931 cum
2183 868 2296 931 Ci-

606 968 857 1033 ceronis
901 965 1133 1031 intima
1171 966 1606 1032 familiaritate
1649 980 1956 1046 uteietur,
1999 968 2297 1031 amiciffi-
2329 981 2354 1035 5

606 1092 757 1133 mus
782 1068 933 1133 effet
962 1070 1186 1148 Bruto,
1220 1092 1352 1134 non
1383 1070 1584 1133 modo
1611 1068 1776 1132 nibil
1803 1069 1883 1132 iis
1924 1068 2194 1132 indulsit
2221 1068 2300 1133 ad

606 1160 971 1233 Antonium
1022 1170 1424 1248 violandum,
1453 1170 1561 1233 sed
1601 1190 1641 1233 e
1665 1169 1996 1233 contrario
2015 1168 2297 1233 familia-

604 1292 705 1335 res
736 1269 878 1357 ejus
908 1292 992 1335 ex
1014 1272 1174 1335 urbe
1202 1269 1673 1358 profugienteS,
1705 1284 2024 1357 quantum
2055 1272 2294 1357 potuit,

604 1372 792 1450 texit,
840 1371 1079 1457 quibus
1120 1373 1314 1437 rebus
1363 1372 1809 1459 indiguerunt,
1863 1372 2114 1459 adjuvit
2145 1398 2166 1453 3
2226 1376 2294 1437 P.

602 1496 757 1539 vero
794 1474 1153 1540 Volumnio
1194 1495 1273 1538 ea
1309 1474 1565 1555 tribuit,
1593 1488 1672 1539 ut
1721 1475 1904 1562 plura
1945 1498 1988 1539 a
2036 1487 2297 1561 parente
2333 1500 2384 1535 ιο

602 1574 917 1662 proficisci
966 1596 1096 1639 non
1146 1577 1498 1662 potuerint.
1591 1577 1708 1662 Ipfi
1761 1591 1979 1641 autem
2029 1579 2294 1659 Fulviae,

606 1698 759 1745 cum
798 1677 1027 1741 litibus
1068 1676 1492 1757 distineretur,
1531 1678 1908 1765 magnisque
1947 1680 2294 1745 terroribus

605 1792 965 1857 vexaretur,
996 1791 1177 1843 tanta
1202 1779 1546 1866 diligentia
1582 1780 1862 1844 officium
1905 1780 2091 1845 suum
2129 1804 2290 1868 praea

604 1878 779 1956 stitit,
834 1892 906 1943 ut
952 1879 1205 1943 nullum
1248 1880 1364 1943 illa
1405 1880 1626 1943 stiterit
1674 1880 2118 1946 vadimonium
2171 1883 2292 1946 fine

601 1980 855 2061 Attice,
923 1981 1033 2045 hic
1097 1982 1352 2067 sponsor
1423 1982 1721 2046 omnium
1781 2004 1998 2047 rerum
2073 1984 2286 2049 fuerit.
2330 2000 2382 2051 ῖς

604 2083 1009 2163 Quinetiam,
1042 2106 1195 2149 cum
1234 2082 1348 2147 illa
1395 2082 1670 2149 fundum
1715 2084 1995 2149 secunda
2033 2086 2291 2165 ‘fortuna

602 2186 849 2254 emifi'et
868 2185 943 2250 in
973 2185 1175 2266 diem,
1206 2209 1419 2274 neque
1445 2186 1578 2271 post
1609 2184 2044 2250 calamitatem
2075 2187 2286 2252 versu-

604 2309 741 2354 ram
790 2287 998 2352 facere
1027 2287 1346 2372 potuiffet,
1391 2287 1503 2351 ille
1551 2287 1614 2351 se
1659 2287 2057 2372 interposuit,
2090 2309 2287 2374 pecu-

606 2389 915 2474 niamque
944 2389 1070 2452 fine
1099 2388 1369 2466 foenore,
1401 2388 1658 2474 fineque
1687 2386 1822 2450 ulla
1865 2387 2288 2472 stipulatione,

606 2489 668 2553 ei
727 2489 1041 2552 crediditz
1115 2489 1474 2552 maximum
1546 2487 1908 2551 existimans
1981 2491 2288 2575 quaestum
2323 2507 2378 2542 2·

606 2611 963 2654 memorem
1006 2602 1395 2676 gratumque
1437 2589 1766 2676 cognosci,
1801 2589 2118 2674 simulque
2145 2613 2290 2677 ape-

606 2690 731 2758 rire
758 2691 821 2756 se
852 2713 977 2770 non
1010 2691 1311 2772 fortunae,
1343 2691 1448 2755 sed
1495 2690 1898 2770 hominibuS,
1925 2691 2132 2756 solere
2179 2691 2295 2756 effe

606 2795 927 2862 amicum:
977 2816 1125 2881 quae
1171 2815 1326 2858 cum
1373 2791 1672 2870 faciebat,
1701 2813 1896 2856 nemo
1927 2815 2077 2857 eum
2122 2807 2292 2858 tem-

606 2897 777 2982 poris
808 2896 991 2962 causa
1018 2881 1238 2960 facere'
1268 2905 1518 2980 poterat
1555 2894 1932 2958 existimare.
2021 2895 2294 2960 Nemini

608 2998 785 3074 enim
816 2999 882 3060 in
914 2997 1285 3083 opinionem
1315 2995 1634 3074 veniebat,
1670 2995 2032 3060 Antonium
2081 3019 2292 3062 rerum
2327 3019 2378 3070 2s

608 3099 995 3183 potiturum.
1086 3098 1218 3162 Sed
1256 3097 1466 3166 sensus
1494 3097 1634 3185 ejus
1671 3119 1712 3160 a
1751 3097 2076 3162 nonnullis
2121 3101 2295 3185 opti-

608 3199 893 3274 matibus
935 3190 1540 3284 reprehendebatur,
1590 3189 1770 3286 >quod
1823 3221 2046 3285 parum
2103 3201 2298 3265 odifl'e

609 3299 817 3366 malos
844 3299 1391 3366 cives-videretur.

696 3403 785 3465 X.
835 3401 956 3466 Ille
995 3413 1211 3467 autem
1254 3402 1350 3466 sui
1385 3401 1622 3490 judicii
1661 3402 1878 3488 potius
1905 3403 2066 3488 qaid
2107 3404 2172 3468 fe
2201 3405 2293 3468 fa·

610 3523 755 3581 cere
781 3525 893 3590 par
914 3503 1063 3573 effet
1089 3502 1484 3583 intuebatur,
1517 3525 1708 3590 quam
1739 3505 1900 3591 quid
1929 3505 2040 3568 alli
2069 3504 2292 3569 lauda·
2325 3522 2378 3569 3·

608 3605 739 3682 turi
766 3605 1001 3674 forent.
1094 3604 1412 3672 Conversa
1443 3604 1659 3670 subito
1705 3605 1966 3706 fortuna
1999 3607 2108 3669 est.
2203 3609 2294 3670 Ut

1956 3707 2282 3772 Antonius
