2587 4402
630 482 760 549 124
934 536 938 541 ,
1284 489 1667 539 wocron-

628 618 1011 687 sentiebant.
1070 623 1340 689 Interim
1371 637 1418 689 a‘
1439 621 1954 711 Polyperchonte
1981 617 2328 691 Caflbnder

629 720 1025 788 Macedonia
1050 724 1267 811 pulsus
1311 726 1435 791 est:
1501 747 1635 813 quo
1678 722 1852 791 facto
1891 722 2168 810 populus
2211 722 2322 787 su·

628 822 839 907 perior
874 824 1077 889 factus
1126 826 1332 893 statim
1377 826 1576 891 duces
1619 823 1982 897 adversariae
2021 820 2326 887 factionis

628 924 853 1009 capitis
882 926 1221 991 damnatos
1263 928 1464 1013 patria
1493 924 1764 1013 pepulit,
1797 924 1865 989 in
1902 922 2006 987 his
2038 922 2321 989 Phocio-

627 1045 779 1089 nem
829 1038 895 1090 et
938 1028 1350 1093 Demetrium
1393 1027 1766 1092 Phalereum
1795 1049 1814 1103 3
1869 1025 2082 1111 deque
2122 1046 2201 1089 ea
2251 1048 2324 1092 re
2353 1034 2382 1087 5

624 1124 877 1213 legatos
898 1128 980 1192 ad
1010 1128 1590 1216 Polyperchontem
1621 1128 1813 1208 misit,
1839 1127 1949 1214 qui
1975 1127 2057 1190 ab
2088 1148 2170 1191 eo
2197 1150 2320 1213 pe-

626 1238 857 1308 terent,
891 1241 966 1294 ut
993 1231 1101 1295 sua
1130 1230 1387 1295 decreta
1413 1230 1840 1295 confirmaret.
1897 1230 2052 1293 Huc
2081 1228 2322 1297 eodem

620 1327 949 1413 profestus
979 1332 1065 1396 est
1110 1330 1420 1396 Phocion.
1511 1324 1668 1397 Quo
1716 1343 1790 1395 ut
1830 1328 2032 1409 venit,
2061 1330 2322 1407 causam

623 1426 797 1513 apud
844 1428 1211 1519 Philippum
1258 1454 1480 1519 regem
1529 1430 1752 1510 verbo,
1805 1428 2003 1517 reipsa
2046 1430 2322 1517 quidem

534 1566 539 1571 ·
622 1532 803 1620 apud
827 1534 1433 1623 Polyperchontem,
1453 1535 1657 1625 juffus
1686 1537 1774 1600 est
1803 1534 2040 1600 dicere.
2101 1535 2318 1603 Nam·
2356 1553 2410 1589 ¹0

622 1656 752 1721 que
780 1635 835 1699 is
862 1648 1003 1701 tum
1034 1638 1209 1725 regis
1246 1638 1441 1703 rebus
1483 1649 1773 1725 praeerat.
1862 1635 2022 1717 Hic,
2051 1660 2202 1702 cum
2233 1640 2320 1704 ab

618 1736 927 1823 Agonide
955 1738 1285 1804 accusatus
1333 1739 1507 1819 effet,
1537 1738 1712 1825 quod
1759 1737 2071 1803 Piraeeuin
2107 1738 2314 1805 Nica-

621 1836 763 1923 nori
804 1835 1198 1925 prodidisset,
1230 1862 1311 1903 ex
1340 1838 1584 1904 consilii
1629 1839 1945 1905 sententia
1990 1839 2057 1904 in
2101 1843 2312 1906 custo-

620 1937 793 2013 diam
826 1925 1157 2027 conjectus
1181 1941 1478 2007 Athenas
1505 1939 1821 2007 deductus
1851 1941 1960 2021 est,
1993 1953 2072 2007 ut
2097 1941 2192 2007 ibi
2229 1938 2314 2009 de

560 2097 568 2107 .
618 2059 697 2102 eo
725 2037 987 2129 legibus
1018 2042 1197 2107 fieret
1211 2041 1566 2130 judicium.
1641 2048 1646 2053 “
2349 2066 2404 2121 ¹5

706 2141 827 2208 1V.
872 2142 1029 2208 Huc
1084 2142 1201 2232 ubi
1256 2152 1639 2230 perventum
1687 2143 1798 2223 est,
1853 2165 2004 2210 cum
2051 2156 2313 2234 propter

562 2269 571 2277 ·
618 2253 877 2324 aetatem
913 2244 1187 2332 pedibus
1204 2245 1349 2334 jam
1398 2267 1530 2310 non
1577 2246 1844 2326 valeret,
1875 2246 2312 2337 vehiculoque

615 2356 993 2429 portaretur,
1042 2347 1267 2434 magni
1313 2347 1653 2412 concursus
1701 2347 1850 2414 sunt
1901 2348 2090 2430 faffl3
2155 2373 2309 2417 cum

615 2446 748 2525 alii,
782 2446 1255 2512 reminiscentes
1284 2449 1516 2530 veteris
1545 2448 1762 2531 famae,
1793 2451 2000 2516 aetatis
2044 2451 2305 2518 misere-

614 2533 858 2629 rentur,
886 2549 1149 2636 plurimi
1198 2571 1351 2615 vero
1397 2551 1492 2614 ira
1537 2563 2003 2616 exacuerentur
2045 2565 2309 2640 propter
2341 2579 2398 2615 ιο

614 2651 996 2738 proditionis
1058 2652 1480 2740 suspicionem
1551 2653 1795 2734 Piraeei,
1860 2655 2306 2770 maximeque,

612 2752 796 2839 quod
846 2752 1139 2818 adversus
1171 2753 1408 2842 populi
1465 2753 1809 2820 commoda
1856 2755 1926 2819 in
1981 2755 2310 2824 seueritate

612 2855 889 2920 steterat.
986 2855 1140 2944 Qua
1182 2855 1266 2920 de
1315 2877 1384 2920 re
1429 2877 1512 2919 ne
1553 2855 1891 2942 perorandi
1925 2857 2194 2944 quidem
2243 2861 2306 2926 ei

610 2955 761 3021 data
788 2958 877 3022 est
920 2937 1215 3037 facultaS,
1244 2971 1314 3021 et
1345 2956 1601 3022 dicendi
1637 2959 1913 3024 causam.
2008 2961 2217 3028 Inde
2185 2988 2302 3051 Ju-

610 3059 809 3140 dici0,
834 3059 1147 3147 legitimis
1160 3060 1550 3146 quibusdam
1573 3061 1907 3143 confe&i5‚
1932 3041 2358 3149 damnatus,2
2335 3089 2390 3144 25

610 3161 888 3249 traditus
942 3162 1027 3225 est
1078 3161 1382 3226 undecim
1415 3161 1590 3243 viris,
1621 3163 1859 3250 quibus
1887 3165 1972 3230 ad
1999 3167 2302 3255 supplici·-

609 3287 749 3342 um,
784 3286 965 3328 more
992 3263 1509 3344 Atheniensium,
1541 3265 1800 3352 publice
1830 3265 2114 3334 damnati
2137 3271 2300 3338 tradi

606 3364 833 3430 solent.
881 3365 1038 3445 Hic,
1064 3389 1215 3431 cum
1247 3365 1329 3430 'ad
1359 3377 1636 3431 mortem
1670 3366 2036 3448 duceretur,
2067 3372 2300 3438 obvius

604 3466 667 3530 ei
697 3465 823 3531 fuit
844 3467 1304 3555 EmphyletuS,
1328 3488 1460 3554 quo
1481 3464 1876 3532 familiariter
1896 3467 2104 3535 fuerat
2122 3472 2293 3538 usus.

607 3568 676 3632 Is
706 3590 859 3634 cum
886 3568 1249 3659 lacrymans
1276 3566 1548 3648 dixisset,
1587 3567 1641 3632 O
1661 3592 1838 3656 quam
1867 3569 2126 3659 indigna
2149 3587 2293 3660 per-
2327 3599 2384 3648 ³0

2051 3674 2294 3760 peteris,
