2587 4402
732 453 741 467 ‘
808 454 1269 503 retornus.
1831 422 1916 524 97

222 585 441 651 versus
482 584 757 651 resistere
802 584 1132 651 auderent.
1224 586 1374 649 Hac
1421 594 1644 649 mente
1695 582 1922 649 amicis

222 686 349 751 suis
402 686 687 762 summas
736 688 1075 775 potestates
1124 684 1456 766 dederant,
1509 684 1774 749 alterius
1819 684 1922 749 fa-

224 789 467 855 &ionis
513 789 835 877 principes
876 790 1111 877 partim
1141 787 1618 867 interfecerant,
1651 787 1812 853 alios
1853 788 1924 851 in

224 890 501 955 exilium
554 891 916 979 ejecerant:
973 889 1041 955 in
1093 891 1330 980 quibus
1391 890 1726 977 Pelopidas
1785 889 1924 969 hic,

166 1010 192 1063 5
223 992 305 1057 de
332 1016 477 1081 quo
524 994 797 1061 scribere
822 994 1021 1061 exorfi
1066 994 1308 1074 sumne,
1337 992 1554 1081 pulsus
1581 992 1784 1081 patria
1810 1014 1922 1059 ca·

222 1096 437 1161 rebat.
1869 1126 1880 1135 *

311 1200 415 1263 ΙΙ.
464 1198 561 1265 Hi
606 1220 833 1276 omnes
874 1199 1009 1265 fere
1050 1197 1346 1264 Athenas
1387 1196 1450 1263 se
1483 1196 1914 1279 contulerant,

226 1323 360 1366 non
397 1324 537 1388 quo
573 1301 985 1389 sequerentur
1027 1302 1264 1381 otium,
1309 1300 1441 1380 sed,
1479 1312 1556 1366 ut
1601 1322 1928 1387 quemque

227 1424 307 1467 ex
352 1403 657 1490 proximo
702 1403 923 1469 locum
969 1401 1099 1469 fors
1150 1401 1500 1481 obtulifl‘et,
1529 1422 1612 1465 eo
1657 1400 1931 1487 patriam

146 1531 199 1565 ιο
229 1527 611 1591 recuperare
652 1505 1029 1569 niterentur.
1120 1506 1350 1592 Itaque
1377 1526 1530 1568 cum
1557 1516 1815 1589 tempus
1843 1501 1932 1567 est

228 1607 437 1671 visum
472 1605 565 1671 rei
609 1606 937 1693 gerendae,
985 1606 1416 1671 communiter
1459 1628 1611 1671 cum
1653 1604 1782 1685 his,
1813 1603 1932 1692 qui

228 1707 489 1773 Thebis
539 1706 713 1772 idem
754 1706 1137 1786 sentiebant,
1179 1706 1354 1771 diem
1395 1706 1800 1793 delegerunt,
1847 1704 1934 1771 ad

230 1806 539 1873 inimicos
600 1807 1081 1894 opprimendoe,
1136 1806 1596 1895 civitatemque
1649 1792 1930 1872 liberan-

232 1909 385 1975 dam
416 1933 601 1989 eum,
632 1932 765 1995 quo
808 1908 1074 1973 maximi
1117 1910 1520 1995 magistratus
1557 1908 1738 1975 fimul
1769 1932 1930 1975 con-

154 2033 204 2086 ις
234 2009 574 2077 sueverant
628 2010 889 2096 epulari.
976 2012 1241 2098 Magnae
1295 2010 1460 2099 saepe
1510 2034 1610 2075 res
1667 2034 1798 2077 non
1842 2013 1935 2077 ita

236 2113 506 2203 magnis,
556 2112 760 2199 copiis
806 2111 955 2177 sunt
1001 2114 1232 2199 gestae:
1279 2112 1385 2177 sed
1432 2112 1720 2201 profecto
1762 2135 1931 2176 nun-

232 2241 433 2304 quam
466 2219 547 2282 ab
580 2231 713 2282 tam
744 2216 925 2282 tenui
969 2216 1159 2282 initio
1202 2229 1398 2282 tantae
1427 2237 1582 2304 opes
1612 2216 1756 2280 sunt
1782 2238 1932 2303 pro-

234 2321 505 2409 fligatae.
576 2321 751 2384 Nam
784 2319 1127 2384 duodecim
1160 2319 1614 2384 adolescentuli
1641 2319 1937 2384 coierunt

234 2445 319 2491 ex
348 2422 479 2503 his,
514 2423 631 2510 qui
678 2422 873 2487 exilio
923 2417 1107 2488 erant
1152 2421 1435 2502 multati,
1465 2445 1616 2488 cum
1669 2421 1936 2488 omnino

148 2554 207 2590 ιο
238 2535 375 2592 noh
406 2525 607 2590 effent
636 2524 913 2612 amplius
938 2537 1230 2605 centum,
1260 2526 1376 2612 qui
1419 2537 1601 2590 tanto
1646 2527 1710 2590 se
1741 2525 1932 2591 offer-

238 2642 389 2694 rent
416 2628 733 2714 periculo·
824 2628 977 2693 Qua
1004 2627 1326 2714 paucitate
1356 2628 1636 2715 percussa
1673 2630 1762 2694 est
1802 2631 1932 2694 La-

234 2728 793 2798 ,oedaemoniorum
824 2728 1137 2814 potentia.
1226 2728 1323 2794 Hi
1361 2729 1534 2794 enim
1565 2752 1694 2794 non
1724 2732 1939 2817 magis

236 2831 743 2896 adversariorum
770 2827 1057 2907 factioni,
1086 2844 1278 2915 quam
1305 2831 1657 2917 SpartaniS,
1677 2852 1757 2894 eo
1775 2843 1944 2896 tem-¹

236 2957 405 3022 pore
433 2933 682 3024 bell-um
708 2931 1091 3016 intulerunt,
1124 2933 1237 3021 qui
1265 2933 1586 3020 principes
1619 2945 1802 2998 erant
1830 2945 1937 2998 to-

158 3066 211 3120 ²⁵
245 3038 378 3102 tius
412 3035 712 3100 Graeciae.
796 3034 1095 3100 Quorum
1126 3033 1457 3120 imperiosa
1478 3033 1786 3121 majestas,
1819 3057 1939 3100 ne-

242 3162 375 3226 que
424 3138 515 3202 ita
551 3137 762 3202 multo
808 3137 964 3224 post,
1011 3137 1350 3202 Leuctrica
1393 3157 1650 3224 pugna,
1689 3139 1770 3204 ab
1815 3140 1946 3206 hoc

246 3241 437 3308 initio
481 3240 786 3328 perculsa,
826 3239 1083 3306 cecidit.
1176 3239 1284 3304 Illi
1325 3239 1530 3328 igitur
1569 3241 1946 3325 duodecim,

251 3365 533 3432 quorum
565 3355 701 3406 erat
741 3341 874 3406 dux
919 3340 1276 3428 Pelopidae,
1320 3364 1473 3407 cum
1516 3343 1794 3408 Athenis
1839 3345 1942 3410 in·-

242 3445 470 3516 .terdiu
514 3443 804 3523 exissent,
840 3455 914 3508 ut
960 3443 1430 3532 vesperascente
1479 3446 1646 3510 coelo
1687 3449 1744 3511 T
1747 3446 1948 3514 hebas

170 3584 225 3630 30
256 3547 502 3634 poffent
530 3546 884 3632 pervenire,
930 3567 1079 3610 cum
1122 3547 1390 3611 canibus
1425 3547 1734 3612 venaticis
1767 3549 1946 3615 exie-

260 3649 436 3730 runt,
469 3647 633 3714 retia
662 3647 961 3728 ferentes,
994 3637 1223 3714 vestitu
1251 3647 1502 3738 agresti,
1535 3672 1669 3738 quo
1701 3651 1954 3742 minore

1070 3769 1111 3812 Ε·
1755 3752 1954 3840 suspi-
