2587 4402
1393 932 1622 1000 XXII.

1157 1114 1814 1191 HANNIBAL.
1890 1082 1898 1089 ’

574 1435 595 1450 ,
660 1367 718 1431 1,
752 1336 1281 1432 HANNIBAL
1325 1363 1718 1430 Hamilcaris
1757 1362 1954 1442 filius,
1999 1360 2350 1455 carthagi-

660 1470 913 1536 nienfiS.
1006 1468 1077 1533 Si
1104 1489 1328 1531 verum
1363 1466 1473 1545 est,
1505 1462 1685 1553 quod
1730 1486 1927 1529 nemo
1966 1463 2248 1543 dubitat,
2277 1476 2353 1529 ut

659 1572 940 1659 populus
980 1573 1316 1635 Romanus
1355 1590 1584 1633 omnes
1621 1580 1850 1655 gentes
1889 1566 2130 1631 virtute
2163 1566 2347 1653 supe-

658 1674 836 1755 rarit,
884 1682 1015 1739 non
1054 1674 1141 1739 est
1186 1670 1632 1751 inficiandum,
1683 1668 2126 1735 Hannibalem
2167 1680 2350 1733 tanto

657 1776 999 1863 praestitifl'e
1022 1786 1289 1840 caeteros
1319 1774 1732 1859 imperatores
1759 1770 2120 1857 prudentia,
2141 1793 2346 1857 quan·
2386 1794 2414 1847 ς

658 1888 731 1941 to
802 1876 1083 1962 populus
1164 1876 1492 1939 Romanus
1561 1872 1902 1937 antecedat
1967 1870 2351 1935 fortitudine

661 1978 927 2045 onustas
976 1978 1293 2041 nationes.
1382 1976 1584 2055 Nam,
1637 1974 2142 2063 quotiescunque
2197 1996 2350 2039 cum

660 2101 742 2145 eo
798 2077 1169 2165 congressus
1224 2077 1314 2141 est
1376 2076 1444 2141 in
1505 2076 1716 2157 Italia,
1769 2075 2016 2161 semper
2081 2074 2366 2160 disceffit*

658 2180 965 2267 superior.
1056 2177 1259 2246 Quod
1303 2177 1415 2242 nifi
1455 2177 1636 2244 domi
1681 2178 1923 2244 civium
1956 2178 2216 2242 suorum
2251 2176 2352 2240 in-

658 2281 833 2346 vidia
890 2278 1267 2344 debilitatus
1327 2280 1502 2359 efflet,
1559 2280 1888 2346 Romanos
1939 2279 2198 2346 videtur
2250 2279 2349 2343 su·
2389 2301 2440 2338 ιο

658 2405 881 2472 perare
905 2381 1199 2471 potuiffe.
1276 2382 1404 2446 Sed
1432 2381 1786 2448 multorum
1817 2381 2202 2448 obtreEtatio
2239 2381 2351 2448 de-

657 2485 821 2552 vioit
844 2484 1043 2550 unius
1076 2485 1410 2550 virtutem.
1499 2485 1636 2550 Hic
1677 2495 1898 2550 autem
1940 2484 2120 2550 velut
2147 2483 2352 2550 haere-

658 2587 861 2654 ditate
898 2586 1199 2654 reli&um
1244 2587 1475 2653 odium
1525 2575 1868 2676 paternum
1914 2609 2072 2676 erga
2109 2589 2353 2654 Roma-

660 2711 782 2756 nos
828 2689 909 2754 fic
960 2689 1390 2769 confirmavit,
1443 2702 1523 2755 ut
1570 2689 1752 2776 prius
1801 2690 2108 2770 animam,
2151 2711 2351 2776 quam

658 2792 755 2874 id,
804 2792 1208 2881 deposuerit:
1272 2791 1390 2880 qui
1433 2791 1724 2880 quidem,
1756 2815 1909 2858 cum
1941 2793 2148 2880 patria
2195 2793 2347 2880 pul·
2387 2814 2442 2869 ις

658 2894 765 2960 sus
809 2895 983 2974 effet,
1028 2906 1099 2958 et
1148 2892 1500 2960 alienarum
1551 2916 1750 2980 opum
1797 2894 2140 2983 indigeret,
2187 2917 2356 2960 nun·-

658 3017 856 3082 quam
890 2995 1197 3060 destiterit
1224 2994 1446 3060 animo
1473 2994 1718 3062 bellare
1745 3019 1896 3061 cum
1931 2996 2266 3063 Romanis·

746 3097 839 3160 ΙΙ.
887 3097 1092 3176 Nam,
1123 3107 1202 3162 ut
1240 3095 1538 3161 omittam
1574 3095 1967 3184 Philippum,
1995 3120 2193 3185 quem
2233 3099 2351 3164 ab·

656 3194 801 3260 sens
852 3195 1094 3261 hostem
1166 3195 1450 3261 reddidit
1505 3199 1836 3277 RomaniS,
1895 3199 2190 3266 omnium
2249 3199 2352 3264 his

656 3297 1057 3385 temporibus
1108 3297 1574 3386 potentiffimus
1625 3321 1738 3364 rex
1757 3381 1763 3388 .
1779 3300 2154 3366 Antiochus
2199 3299 2348 3368 fuit.
2383 3335 2440 3370 20

658 3401 863 3466 Hunc
920 3410 1103 3465 tanta
1160 3398 1518 3486 cupiditate
1571 3398 1862 3466 incendit
1911 3401 2220 3484 bellandi,
2277 3416 2353 3468 ut

655 3499 859 3587 usque
918 3522 957 3564 a
1026 3501 1224 3566 rubro
1286 3499 1448 3564 mari
1517 3491 1694 3566 anna
1765 3515 2038 3568 conatus
2103 3504 2179 3568 fit
2247 3505 2349 3570 in-

656 3597 821 3674 ferre
888 3601 1120 3668 Italiae.
1208 3599 1319 3666 Ad
1381 3621 1580 3690 quem
1653 3625 1808 3668 cum
1869 3603 2093 3696 legati·
2141 3605 2347 3670 venis-

2219 3707 2352 3774 sent
