2587 4402
592 392 716 477 156
1246 419 1612 467 Axur-rcus.

590 542 827 631 Sylla,
857 544 1277 615 adolescentis
1334 551 1555 617 officio
1609 545 2000 626 collaudato,
2059 544 2300 611 omnia

590 667 861 709 munera
888 648 971 727 ei,
1004 672 1150 735 quae
1174 651 1458 717 Athenis
1499 660 1854 737 acceperat,
1883 645 2296 733 proficiscens

580 745 759 835 juffit
800 750 1053 815 deferri.
1142 752 1277 817 Hic
1319 753 1678 840 complures
1721 770 1922 822 anuos
1965 761 2294 829 moratus,

594 872 746 915 cum
778 865 847 915 et
878 852 971 915 rei
1000 851 1299 920 familiari
1330 867 1584 920 tantum
1606 861 1814 940 operae
1845 851 2049 929 daret,
2073 872 2293 937 quan-

593 962 737 1015 tum
793 974 921 1017 non
968 953 1324 1041 ‘indiligens
1371 955 1638 1022 deberet
1683 951 2168 1041 paterfamiliaS,
2221 962 2294 1015 et
2329 961 2360 1015 6

596 1053 818 1119 omnia
860 1054 1110 1139 reliqua
1138 1070 1428 1141 tempora
1452 1069 1566 1121 aut
1603 1054 1831 1135 literiS,
1861 1065 1974 1118 aut
1999 1052 2293 1117 Atheni-

597 1154 839 1219 ensium
868 1157 1157 1243 reipubl.
1205 1159 1538 1239 tribueret,
1587 1156 2013 1223 nihilominus
2057 1153 2293 1226 amicis

596 1256 847 1321 urbana
901 1258 1111 1323 officia
1153 1259 1463 1344 praestitit.
1553 1260 1725 1323 Nam
1775 1269 1842 1323 et
1893 1256 1976 1321 ad
2021 1253 2298 1321 comitia

600 1380 825 1422 eorum
868 1359 1225 1438 ventitavit,
1258 1376 1350 1439 et,
1384 1358 1424 1422 fi
1457 1382 1584 1445 qua
1611 1380 1711 1423 res
1753 1358 1959 1445 major
1995 1357 2142 1421 acta
2177 1356 2292 1434 est,

598 1480 729 1523 non
760 1457 988 1539 defuit,
1020 1460 1174 1523 ficut
1208 1460 1510 1525 Ciceroni
1538 1460 1602 1523 in
1647 1460 1952 1525 omnibus
1995 1458 2136 1545 ejus
2174 1478 2292 1543 pe-
2333 1466 2393 1515 ἑο

598 1560 819 1625 riculis
847 1560 1222 1646 {iugularem
1257 1561 1448 1625 fidem
1481 1555 1796 1649 praebuit:
1843 1561 1953 1625 cui
1981 1582 2062 1625 ex
2089 1560 2296 1645 patria

600 1662 881 1749 fugienti
912 1664 1004 1725 H.
1036 1664 1103 1727 S.
1139 1662 1418 1725 ducenta
1445 1676 1512 1726 et
1563 1661 2041 1749 quinquaginta
2085 1660 2296 1725 millia

604 1764 889 1827 donavit.
980 1764 1442 1849 Tranquillatis
1499 1777 1720 1829 autem
1792 1764 1984 1829 rebus
2043 1764 2286 1827 Roma-

603 1865 729 1943 nis,
761 1864 1137 1951 remigravit
1166 1866 1472 1943 Romam,
1499 1878 1576 1927 ut
1603 1860 1856 1951 opinor,
1889 1866 1967 1927 L.
1997 1864 2198 1927 Cotta
2223 1875 2290 1927 et

601 1966 682 2029 L.
707 1966 1039 2052 Torquato
1071 1965 1239 2029 Coff.
1268 1988 1464 2051 quem
1497 1965 1666 2029 diem
1702 1965 1785 2027 fic·
1817 1964 2107 2029 universa
2131 1964 2284 2029 civi·
2329 1984 2382 2032 15

602 2082 700 2131 tas
756 2066 1245 2139 Atheniensium
1303 2067 1636 2153 prosecuta
1691 2070 1799 2148 est,
1857 2082 1934 2132 ut
1989 2068 2285 2155 lacrymis

604 2170 889 2236 desiderii
916 2169 1117 2236 futuri
1145 2169 1435 2236 dolorem
1464 2170 1798 2236 indicaret.

690 2273 778 2336 V.
826 2273 1134 2336 Habebat
1160 2273 1549 2336 avunculum
1586 2274 1676 2338 Q.
1709 2273 2071 2353 Caecilium,
2103 2274 2290 2360 equiss

533 2412 544 2424 x
606 2388 741 2440 tem
766 2375 955 2440 Rom.
996 2373 1374 2438 familiarem
1405 2377 1487 2439 L.
1515 2373 1798 2454 Luculli,
1839 2375 2134 2455 divitem,
2165 2375 2288 2438 dif-

596 2475 896 2542 ficillima
940 2487 1186 2540 natura.
1282 2473 1486 2559 Cujus
1517 2475 1598 2538 fic
1625 2473 2028 2562 asperi-tatem
2057 2474 2292 2540 veritus
2329 2501 2384 2538 ao

609 2579 719 2658 est,
746 2590 845 2657 ut,
878 2598 1073 2662 quem
1102 2599 1296 2640 nemo
1325 2575 1488 2640 ferre
1531 2577 1750 2664 posset,
1783 2576 1982 2664 hujus
2001 2563 2152 2642 'fine
2195 2577 2292 2642 of-

608 2676 889 2742 fenfione
919 2676 997 2740 ad
1026 2677 1340 2740 summam
1378 2677 1767 2742 senectutem
1808 2678 2147 2744 retinuerit
2183 2680 2294 2744 be-

611 2777 1085 2844 nevolentiam:
1134 2800 1265 2864 quo
1290 2776 1464 2842 facio
1503 2777 1654 2842 tulit
1695 2777 1952 2864 pietatis
1995 2779 2295 2847 fructum..

612 2879 918 2946 Caecilius
968 2879 1145 2943 enim
1204 2878 1490 2942 moriens
1545 2881 1917 2944 testamento
1973 2880 2302 2968 adoptavit

612 3003 788 3060 eum,
830 2979 1281 3064 haeredemque
1329 2976 1487 3042 fecit
1537 3001 1628 3050 ex
1668 2979 2006 3062 dodrante,
2051 3005 2132 3046 ex
2175 3005 2302 3070 qua
2333 3012 2385 3064 ²5

612 3081 990 3146 haereditate
1040 3080 1286 3166 accepit
1325 3079 1573 3144 circiter
1615 3082 1854 3147 centies
1888 3084 1978 3146 H.
2007 3085 2074 3148 S.
2153 3086 2304 3150 Erat

616 3199 817 3272 nupta
846 3185 1018 3249 soror
1059 3183 1268 3248 Attici
1303 3169 1394 3248 0.ss
1427 3183 1648 3248 Tullio
1689 3185 1990 3250 Ciceroni
2007 3211 2030 3266 3
2075 3186 2304 3274 easque

617 3287 875 3374 nuptias
930 3289 1033 3351 M.
1084 3287 1316 3351 Cicero
1367 3285 1766 3354 conciliarat.
1857 3286 2028 3350 Cum
2083 3311 2222 3374 quo
2266 3311 2304 3352 a

618 3389 1123 3476 condiscipulatu
1194 3388 1450 3451 vivebat
1505 3387 2032 3475 conjunctissime,
2093 3391 2305 3454 multo

619 3493 814 3558 etiam
844 3490 1246 3571 familiariUS,
1278 3511 1471 3577 quam
1502 3512 1650 3554 cum
1685 3491 1976 3556 Quinto:
2024 3504 2102 3556 ut
2117 3491 2299 3577 judi·
2336 3521 2386 3570 3⁰

623 3595 751 3661 cari
776 3595 963 3683 poffit
986 3593 1129 3682 plus
1154 3593 1223 3678 ,in
1256 3591 1542 3658 amicitia
1569 3591 1780 3658 valere
1818 3592 2302 3660 fimilitudinem

1960 3690 1964 3702 ’
2007 3717 2288 3775 morum,
