2587 4402
569 456 649 524 18
1100 473 1738 523 'rusum-rocus·

560 611 779 680 vulam
811 609 1103 698 arripuit,
1124 621 1195 676 et
1214 632 1370 676 cum
1397 631 1476 676 ea
1505 609 1568 674 se
1594 610 1666 674 in
1689 607 2054 692 sacrafium,
2077 608 2266 699 quod

561 718 815 786 summa
869 716 1203 793 colebatur
1258 717 1652 796 ceremonia,
1713 716 2037 804 conjecite
2104 715 2268 781 inde

562 844 697 887 non
726 821 905 908 prius
932 819 1213 908 egrefl'us
1240 821 1350 900 est,
1383 841 1580 907 quam
1607 841 1722 885 rex
1742 841 1895 885 eum
1925 817 2076 884 data
2099 818 2263 884 dex-

563 937 665 990 tra
691 926 763 990 in
808 923 1005 990 fidem
1046 922 1382 1011 reciperet,
1419 945 1616 1011 quam
1657 922 1971 1010 praestitit.
2031 920 2266 1002 Nam,

566 1051 721 1095 cum
752 1030 837 1094 ab
866 1028 1368 1094 Atheniensibus
1411 1041 1480 1092 et
1507 1026 2020 1094 Lacedaemoniis
2061 1047 2267 1113 expo-
2305 1043 2340 1099 5

563 1132 841 1197 fueretur
878 1129 1162 1220 publice,
1190 1130 1542 1218 supplicem
1580 1152 1712 1194 non
1743 1127 2071 1218 prodidit3
2115 1151 2268 1194 mo-

568 1233 867 1322 nuitque,
896 1245 977 1298 ut
1014 1227 1376 1300 consuleret
1415 1232 1530 1299 fibi
1559 1258 1576 1297 ε
1623 1231 1884 1297 difficile
1923 1229 2102 1296 enim
2142 1229 2274 1296 effe

566 1336 638 1402 in
680 1347 817 1404 tam
846 1336 1213 1424 propinquo
1233 1336 1566 1404 loco·tuto
1592 1359 1746 1402 eum
1789 1325 2038 1400 versari.
2128 1333 2270 1402 Ita-

568 1459 701 1524 que
744 1438 1036 1526 Pydnam
1075 1462 1230 1504 eum
1272 1437 1513 1504 deduci
1548 1439 1748 1528 justit,
1779 1450 1852 1502 et
1897 1435 2078 1525 quod
2119 1435 2274 1500 satis

570 1538 727 1603 effet
753 1539 1025 1625 praefidii
1060 1541 1263 1606 dedit.
1355 1543 1504 1606 Hac
1535 1562 1604 1606 re
1633 1539 1878 1621 audita,
1909 1537 2020 1603 hic
2047 1537 2118 1602 in
2149 1559 2270 1602 na·
2317 1569 2381 1604 10

569 1663 721 1708 vem
750 1642 1055 1709 omnibus
1082 1645 1348 1733 ignotus
1368 1645 1685 1711 aseendit:
1731 1667 1882 1734 quae
1913 1663 2066 1708 cum
2095 1654 2278 1736 tem-⁹

570 1746 825 1832 pestate.
838 1749 1133 1813 maxima
1141 1749 1406 1814 Naxum
1439 1746 1732 1827 ferretur,
1751 1747 1868 1815 ubi
1897 1757 2040 1812 tum
2063 1744 2307 1810 Athe-z

573 1845 888 1912 nienfium
918 1862 1055 1915 erat
1108 1850 1453 1931 exercitus,
1497 1851 1682 1916 senfit
1707 1848 2195 1932 ThemistocleS,
2227 1841 2306 1912 fi'

572 1967 656 2012 eo
696 1946 1095 2034 perveniflet,
1126 1951 1243 2012 fibi
1285 1953 1409 2013 effe
1449 1950 1872 2036 pereundum.
1960 1951 2110 2016 Hac
2152 1973 2271 2015 ne-

574 2050 853 2115 ceffitaoe
882 2049 1170 2132 coa&uS‚
1202 2051 1474 2116 domino
1501 2052 1705 2134 navia,
1739 2053 1888 2142 quis
1917 2051 2016 2132 fit,·
2045 2048 2270 2140 aperit,
2316 2079 2382 2132 ις

574 2153 787 2231 multa
813 2153 1161 2243 pollicen8,'
1184 2153 1226 2219 fi
1256 2154 1322 2219 se
1349 2154 1782 2221 conservasset.
1846 2156 1942 2221 At
1969 2155 2106 2236 ille,
2139 2155 2274 2221 cla·

574 2256 819 2333 riffimi,
842 2256 959 2322 viri
1016 2269 1241 2345 captus
1271 2257 1728 2340 misericordia,
1764 2259 1939 2324 diem
1977 2260 2276 2325 nociem-

578 2378 711 2447 que
738 2361 966 2447 procul
994 2361 1077 2426 ab
1126 2360 1334 2427 insula
1375 2362 1442 2426 in
1484 2362 1616 2428 salo
1661 2384 1892 2429 navem
1941 2362 2154 2427 tenuit
2205 2362 2276 2427 in

578 2462 902 2545 anchoris,
930 2484 1145 2553 neque
1186 2486 1558 2554 quenquam
1601 2488 1681 2531 ex
1726 2488 1802 2532 ea
1851 2460 2026 2531 emite
2067 2465 2306 2552 paffus·

578 2566 689 2630 est.
761 2565 923 2630 Inde
950 2566 1273 2653 Ephesum
1299 2568 1620 2655 pervenit,
1651 2569 1875 2655 ibique
1902 2567 2272 2650 Themisto,-
2313 2602 2380 2641 20

578 2666 751 2733 clem
778 2670 1083 2755 exponit:
1119 2670 1227 2735 cui
1252 2670 1367 2737 ille
1393 2692 1510 2759 pro
1528 2671 1780 2737 meritis
1807 2671 2083 2761 gratiam
2105 2670 2276 2759 post-

580 2770 931 2837 earetulit.

651 2876 775 2940 IX.
807 2872 1316 2965 Scio-plerosque
1335 2876 1427 2941 ita
1445 2874 1735 2963 scripfiffe
1747 2874 2277 2955 Themistoclem,

580 2975 799 3041 Xerxe
848 2990 1183 3064 regnante,
1224 2978 1293 3041 in
1336 2978 1551 3041 Afiam
1583 2978 1878 3044 tranfiffe.
1971 2975 2104 3043 Sed
2151 2998 2278 3064 ego

579 3080 972 3166 potiffimum
1013 3082 1399 3171 Thucydidi
1437 3082 1652 3163 cred0‚
1687 3082 1862 3171 quod
1893 3094 2082 3147 aetate
2123 3102 2276 3169 pro·
2315 3112 2379 3166 25

580 3182 796 3247 ximus
818 3195 981 3262 erat,
1001 3185 1116 3273 qui
1138 3185 1402 3251 illorum
1427 3198 1797 3273 temporum
1817 3184 2144 3251 historiam
2173 3206 2280 3249 re-

578 3284 935 3374 liquerunt,
968 3299 1037 3350 et
1076 3286 1363 3375 ejusdem
1401 3288 1682 3355 civitatis
1711 3288 1858 3355 fuit.
1947 3291 2015 3353 Is
2061 3300 2281 3354 autem

581 3388 675 3453 ait
716 3388 798 3455 ad
829 3391 1249 3455 Artaxerxem
1292 3412 1446 3455 eum
1475 3392 1729 3473 venisse,
1761 3405 1955 3479 atque
1997 3392 2100 3457 his
2130 3410 2280 3461 ver-

582 3489 685 3554 bis
734 3491 1060 3577 epistolam
1107 3491 1376 3557 mifiss'e:
1426 3492 1825 3581 Themistocles
1871 3494 2016 3560 veni
2063 3494 2153 3558 ad
2197 3505 2280 3575 te,

583 3590 689 3679 qui
724 3590 998 3679 plurima
1048 3592 1218 3661 mala
1268 3594 1525 3658 omnium
1573 3597 1898 3663 Graiorum
1939 3597 2005 3661 in
2048 3597 2281 3661 domum
2316 3638 2382 3688 30

583 3705 751 3761 tuam
779 3693 985 3776 intuli,
1012 3720 1143 3762 oum
1172 3696 1322 3765 mihi
1347 3696 1709 3787 neceffitfuit
1739 3701 2028 3789 adversus
2041 3710 2282 3790 patrem

2111 3812 2282 3866 tuum
