<?xml version="1.0" encoding="UTF-8"?>
<!DOCTYPE html PUBLIC "-//W3C//DTD XHTML 1.0 Transitional//EN"
    "http://www.w3.org/TR/xhtml1/DTD/xhtml1-transitional.dtd">
<html xmlns="http://www.w3.org/1999/xhtml" xml:lang="en" lang="en">
 <head>
  <title>
</title>
<meta http-equiv="Content-Type" content="text/html;charset=utf-8" />
  <meta name='ocr-system' content='tesseract 3.04.00' />
  <meta name='ocr-capabilities' content='ocr_page ocr_carea ocr_par ocr_line ocrx_word'/>
</head>
<body>
  <div class='ocr_page' id='page_1' title='image "./corneliinepotis30nepogoog_0227.png"; bbox 0 0 2587 4402; ppageno 0'>
   <div class='ocr_carea' id='block_1_1' title="bbox 710 473 1949 552">
    <p class='ocr_par' dir='ltr' id='par_1_1' title="bbox 710 473 1949 552">
     <span class='ocr_line' id='line_1_1' title="bbox 710 473 1949 552; baseline 0.002 -13"><span class='ocrx_word' id='word_1_1' title='bbox 710 484 976 539; x_wconf 56' lang='grc' dir='ltr'><em>*ΑΜΕ</em></span> <span class='ocrx_word' id='word_1_2' title='bbox 1016 473 1479 540; x_wconf 57' lang='lat' dir='ltr'><em>uem-towns.</em></span> <span class='ocrx_word' id='word_1_3' title='bbox 1831 481 1949 552; x_wconf 85' lang='lat'><em>197</em></span> 
     </span>
    </p>
   </div>
   <div class='ocr_carea' id='block_1_2' title="bbox 223 619 1957 1167">
    <p class='ocr_par' dir='ltr' id='par_1_2' title="bbox 246 619 1953 786">
     <span class='ocr_line' id='line_1_2' title="bbox 334 619 1953 706; baseline -0.005 -22"><span class='ocrx_word' id='word_1_4' title='bbox 334 629 377 668; x_wconf 76' lang='lat'><em>‘¹&#39;</em></span> <span class='ocrx_word' id='word_1_5' title='bbox 396 625 487 684; x_wconf 88' lang='lat' dir='ltr'><em>De</em></span> <span class='ocrx_word' id='word_1_6' title='bbox 514 625 701 704; x_wconf 80' lang='lat' dir='ltr'><em>quibus</em></span> <span class='ocrx_word' id='word_1_7' title='bbox 722 639 887 682; x_wconf 83' lang='lat' dir='ltr'><em>tecum</em></span> <span class='ocrx_word' id='word_1_8' title='bbox 914 625 1050 703; x_wconf 80' lang='lat' dir='ltr'><em>loqui</em></span> <span class='ocrx_word' id='word_1_9' title='bbox 1075 623 1211 697; x_wconf 82' lang='lat' dir='ltr'><em>volo,</em></span> <span class='ocrx_word' id='word_1_10' title='bbox 1242 645 1336 706; x_wconf 89' lang='lat'><strong>19.</strong></span> <span class='ocrx_word' id='word_1_11' title='bbox 1356 625 1476 700; x_wconf 79' lang='lat'><strong>12.]</strong></span> <span class='ocrx_word' id='word_1_12' title='bbox 1508 643 1636 704; x_wconf 82' lang='lat' dir='ltr'><em>quas</em></span> <span class='ocrx_word' id='word_1_13' title='bbox 1665 634 1824 679; x_wconf 83' lang='lat' dir='ltr'><em>tecum</em></span> <span class='ocrx_word' id='word_1_14' title='bbox 1851 619 1953 677; x_wconf 80' lang='lat' dir='ltr'><em>col-</em></span> 
     </span>
     <span class='ocr_line' id='line_1_3' title="bbox 246 705 1043 786; baseline 0.003 -22"><span class='ocrx_word' id='word_1_15' title='bbox 246 705 399 786; x_wconf 81' lang='lat' dir='ltr'><em>loqui</em></span> <span class='ocrx_word' id='word_1_16' title='bbox 428 707 550 764; x_wconf 82' lang='lat' dir='ltr'><em>volo</em></span> <span class='ocrx_word' id='word_1_17' title='bbox 577 705 731 764; x_wconf 79' lang='lat' dir='ltr'><strong>Voff.</strong></span> <span class='ocrx_word' id='word_1_18' title='bbox 764 707 843 762; x_wconf 89' lang='lat' dir='ltr'><em>A.</em></span> <span class='ocrx_word' id='word_1_19' title='bbox 874 707 940 763; x_wconf 92' lang='lat' dir='ltr'><strong>B.</strong></span> <span class='ocrx_word' id='word_1_20' title='bbox 972 707 1043 766; x_wconf 91' lang='lat' dir='ltr'><em>C.</em></span> 
     </span>
    </p>

    <p class='ocr_par' dir='ltr' id='par_1_3' title="bbox 223 780 1957 1167">
     <span class='ocr_line' id='line_1_4' title="bbox 331 780 1956 866; baseline -0.006 -21"><span class='ocrx_word' id='word_1_21' title='bbox 331 790 559 845; x_wconf 85' lang='lat' dir='ltr'><em>Annum</em></span> <span class='ocrx_word' id='word_1_22' title='bbox 589 785 717 843; x_wconf 82' lang='lat' dir='ltr'><em>mihi</em></span> <span class='ocrx_word' id='word_1_23' title='bbox 745 787 973 864; x_wconf 83' lang='lat' dir='ltr'><em>temporis</em></span> <span class='ocrx_word' id='word_1_24' title='bbox 1001 787 1108 858; x_wconf 88' lang='lat' dir='ltr'><em>des,</em></span> <span class='ocrx_word' id='word_1_25' title='bbox 1141 806 1230 866; x_wconf 89' lang='lat'><em>19.</em></span> <span class='ocrx_word' id='word_1_26' title='bbox 1257 785 1378 860; x_wconf 86' lang='lat'><strong>13.]</strong></span> <span class='ocrx_word' id='word_1_27' title='bbox 1413 785 1555 850; x_wconf 80' lang='lat' dir='ltr'>Alii,</span> <span class='ocrx_word' id='word_1_28' title='bbox 1578 803 1807 841; x_wconf 81' lang='lat' dir='ltr'><em>annuum</em></span> <span class='ocrx_word' id='word_1_29' title='bbox 1831 780 1956 838; x_wconf 79' lang='lat' dir='ltr'><em>mihi</em></span> 
     </span>
     <span class='ocr_line' id='line_1_5' title="bbox 242 863 1957 946; baseline -0.004 -22"><span class='ocrx_word' id='word_1_30' title='bbox 242 870 495 945; x_wconf 79' lang='lat' dir='ltr'><em>temporis</em></span> <span class='ocrx_word' id='word_1_31' title='bbox 506 866 757 946; x_wconf 77' lang='lat' dir='ltr'><em>spatium.</em></span> <span class='ocrx_word' id='word_1_32' title='bbox 838 867 1079 926; x_wconf 86' lang='lat' dir='ltr'>Videtur</span> <span class='ocrx_word' id='word_1_33' title='bbox 1106 881 1296 926; x_wconf 86' lang='lat' dir='ltr'>autem</span> <span class='ocrx_word' id='word_1_34' title='bbox 1328 870 1478 944; x_wconf 89' lang='lat' dir='ltr'>Nep.</span> <span class='ocrx_word' id='word_1_35' title='bbox 1506 885 1698 922; x_wconf 86' lang='lat' dir='ltr'><em>annum</em></span> <span class='ocrx_word' id='word_1_36' title='bbox 1726 863 1957 939; x_wconf 82' lang='lat' dir='ltr'><em>temporis</em></span> 
     </span>
     <span class='ocr_line' id='line_1_6' title="bbox 242 944 1956 1027; baseline -0.004 -22"><span class='ocrx_word' id='word_1_37' title='bbox 242 948 455 1006; x_wconf 83' lang='lat' dir='ltr'>dixiffe</span> <span class='ocrx_word' id='word_1_38' title='bbox 482 969 585 1024; x_wconf 88' lang='lat' dir='ltr'><em>pro</em></span> <span class='ocrx_word' id='word_1_39' title='bbox 613 963 805 1025; x_wconf 84' lang='lat' dir='ltr'><em>tempus</em></span> <span class='ocrx_word' id='word_1_40' title='bbox 834 948 959 1003; x_wconf 85' lang='lat' dir='ltr'><em>anni</em></span> <span class='ocrx_word' id='word_1_41' title='bbox 986 969 1085 1026; x_wconf 89' lang='lat' dir='ltr'><em>per</em></span> <span class='ocrx_word' id='word_1_42' title='bbox 1106 951 1426 1027; x_wconf 67' lang='grc' dir='ltr'><em>ὑςιρολογίαυ,</em></span> <span class='ocrx_word' id='word_1_43' title='bbox 1449 956 1510 1002; x_wconf 89' lang='lat' dir='ltr'><em>ut</em></span> <span class='ocrx_word' id='word_1_44' title='bbox 1541 944 1648 1002; x_wconf 86' lang='lat' dir='ltr'><em>dies</em></span> <span class='ocrx_word' id='word_1_45' title='bbox 1657 944 1824 1022; x_wconf 77' lang='lat' dir='ltr'><em>spatii</em></span> <span class='ocrx_word' id='word_1_46' title='bbox 1854 961 1956 1018; x_wconf 82' lang='lat' dir='ltr'><em>pro</em></span> 
     </span>
     <span class='ocr_line' id='line_1_7' title="bbox 223 1025 1954 1106; baseline -0.003 -20"><span class='ocrx_word' id='word_1_47' title='bbox 223 1028 481 1106; x_wconf 80' lang='lat' dir='ltr'><em>spatium</em></span> <span class='ocrx_word' id='word_1_48' title='bbox 510 1027 641 1098; x_wconf 84' lang='lat' dir='ltr'><em>diei3</em></span> <span class='ocrx_word' id='word_1_49' title='bbox 690 1027 841 1104; x_wconf 88' lang='lat' dir='ltr'><em>quod</em></span> <span class='ocrx_word' id='word_1_50' title='bbox 868 1027 1073 1086; x_wconf 84' lang='lat' dir='ltr'>alicubi</span> <span class='ocrx_word' id='word_1_51' title='bbox 1102 1029 1344 1087; x_wconf 86' lang='lat' dir='ltr'>occurrit</span> <span class='ocrx_word' id='word_1_52' title='bbox 1366 1029 1424 1085; x_wconf 89' lang='lat' dir='ltr'><em>in</em></span> <span class='ocrx_word' id='word_1_53' title='bbox 1455 1025 1597 1084; x_wconf 82' lang='lat' dir='ltr'><strong>Caes.</strong></span> <span class='ocrx_word' id='word_1_54' title='bbox 1627 1027 1954 1083; x_wconf 74' lang='lat' dir='ltr'><em>Commeat.</em></span> 
     </span>
     <span class='ocr_line' id='line_1_8' title="bbox 243 1109 687 1167; baseline 0.005 -2"><span class='ocrx_word' id='word_1_55' title='bbox 243 1111 319 1165; x_wconf 84' lang='lat' dir='ltr'><em>de</em></span> <span class='ocrx_word' id='word_1_56' title='bbox 352 1109 508 1164; x_wconf 90' lang='lat' dir='ltr'>bello</span> <span class='ocrx_word' id='word_1_57' title='bbox 526 1109 687 1167; x_wconf 87' lang='lat' dir='ltr'><strong>Gall.</strong></span> 
     </span>
    </p>
   </div>
   <div class='ocr_carea' id='block_1_3' title="bbox 337 1188 1451 1269">
    <p class='ocr_par' dir='ltr' id='par_1_4' title="bbox 337 1188 1451 1269">
     <span class='ocr_line' id='line_1_9' title="bbox 337 1188 1451 1269; baseline 0.003 -25"><span class='ocrx_word' id='word_1_58' title='bbox 337 1189 647 1260; x_wconf 66' lang='lat' dir='ltr'><em>Inyuntem,</em></span> <span class='ocrx_word' id='word_1_59' title='bbox 672 1209 778 1269; x_wconf 70' lang='lat'><strong>‚19.</strong></span> <span class='ocrx_word' id='word_1_60' title='bbox 806 1191 935 1266; x_wconf 83' lang='lat'><strong>30.]</strong></span> <span class='ocrx_word' id='word_1_61' title='bbox 981 1191 1124 1260; x_wconf 83' lang='lat' dir='ltr'>Alii,</span> <span class='ocrx_word' id='word_1_62' title='bbox 1156 1188 1451 1266; x_wconf 83' lang='lat' dir='ltr'><em>Smyrnam.</em></span> 
     </span>
    </p>
   </div>
   <div class='ocr_carea' id='block_1_4' title="bbox 836 1385 1376 1444">
    <p class='ocr_par' dir='ltr' id='par_1_5' title="bbox 836 1385 1376 1444">
     <span class='ocr_line' id='line_1_10' title="bbox 836 1385 1376 1444; baseline 0.004 -2"><span class='ocrx_word' id='word_1_63' title='bbox 836 1386 931 1444; x_wconf 94' lang='lat' dir='ltr'><em>IN</em></span> <span class='ocrx_word' id='word_1_64' title='bbox 972 1385 1376 1444; x_wconf 90' lang='lat' dir='ltr'><strong>ARISTIDE.</strong></span> 
     </span>
    </p>
   </div>
   <div class='ocr_carea' id='block_1_5' title="bbox 251 1515 1956 1660">
    <p class='ocr_par' dir='ltr' id='par_1_6' title="bbox 251 1515 1956 1660">
     <span class='ocr_line' id='line_1_11' title="bbox 344 1515 1956 1596; baseline 0 -22"><span class='ocrx_word' id='word_1_65' title='bbox 344 1521 387 1558; x_wconf 51' lang='grc' dir='ltr'><em>θ’</em></span> <span class='ocrx_word' id='word_1_66' title='bbox 404 1517 558 1574; x_wconf 88' lang='lat' dir='ltr'><em>Anno</em></span> <span class='ocrx_word' id='word_1_67' title='bbox 574 1518 859 1596; x_wconf 76' lang='lat' dir='ltr'><em>postquam,</em></span> <span class='ocrx_word' id='word_1_68' title='bbox 894 1535 989 1575; x_wconf 88' lang='lat'><em>21.</em></span> <span class='ocrx_word' id='word_1_69' title='bbox 1014 1515 1139 1590; x_wconf 89' lang='lat'><strong>21.]</strong></span> <span class='ocrx_word' id='word_1_70' title='bbox 1170 1537 1305 1574; x_wconf 88' lang='lat' dir='ltr'><em>anno</em></span> <span class='ocrx_word' id='word_1_71' title='bbox 1332 1536 1487 1594; x_wconf 86' lang='lat' dir='ltr'><em>quam</em></span> <span class='ocrx_word' id='word_1_72' title='bbox 1519 1515 1688 1574; x_wconf 88' lang='lat' dir='ltr'><strong>MSS.</strong></span> <span class='ocrx_word' id='word_1_73' title='bbox 1721 1515 1956 1586; x_wconf 69' lang='lat' dir='ltr'><em>Schoui,</em></span> 
     </span>
     <span class='ocr_line' id='line_1_12' title="bbox 251 1595 1218 1660; baseline -0.004 -3"><span class='ocrx_word' id='word_1_74' title='bbox 251 1607 317 1660; x_wconf 71' lang='lat' dir='ltr'><em>et</em></span> <span class='ocrx_word' id='word_1_75' title='bbox 346 1598 539 1656; x_wconf 76' lang='lat' dir='ltr'><strong>Boecl.</strong></span> <span class='ocrx_word' id='word_1_76' title='bbox 570 1597 725 1655; x_wconf 84' lang='lat' dir='ltr'><strong>Leid.</strong></span> <span class='ocrx_word' id='word_1_77' title='bbox 755 1595 909 1654; x_wconf 86' lang='lat' dir='ltr'><strong>Voff.</strong></span> <span class='ocrx_word' id='word_1_78' title='bbox 938 1600 1016 1655; x_wconf 90' lang='lat' dir='ltr'><em>A.</em></span> <span class='ocrx_word' id='word_1_79' title='bbox 1054 1599 1117 1655; x_wconf 92' lang='lat' dir='ltr'><strong>B.</strong></span> <span class='ocrx_word' id='word_1_80' title='bbox 1147 1597 1218 1653; x_wconf 90' lang='lat' dir='ltr'><em>C.</em></span> 
     </span>
    </p>
   </div>
   <div class='ocr_carea' id='block_1_6' title="bbox 242 1671 1966 2319">
    <p class='ocr_par' dir='ltr' id='par_1_7' title="bbox 347 1671 1948 1756">
     <span class='ocr_line' id='line_1_13' title="bbox 347 1671 1948 1756; baseline 0.001 -21"><span class='ocrx_word' id='word_1_81' title='bbox 347 1681 391 1717; x_wconf 44' lang='grc' dir='ltr'><em>ὅ·</em></span> <span class='ocrx_word' id='word_1_82' title='bbox 418 1671 699 1754; x_wconf 72' lang='grc' dir='ltr'><em>ΡΙεόξῙσίτο,</em></span> <span class='ocrx_word' id='word_1_83' title='bbox 732 1695 827 1735; x_wconf 88' lang='grc'><em>22.</em></span> <span class='ocrx_word' id='word_1_84' title='bbox 870 1677 949 1750; x_wconf 65' lang='lat' dir='ltr'><em>L]</em></span> <span class='ocrx_word' id='word_1_85' title='bbox 974 1677 1149 1756; x_wconf 83' lang='lat' dir='ltr'><em>populi</em></span> <span class='ocrx_word' id='word_1_86' title='bbox 1158 1675 1289 1756; x_wconf 82' lang='lat' dir='ltr'><em>scito</em></span> <span class='ocrx_word' id='word_1_87' title='bbox 1318 1677 1486 1734; x_wconf 90' lang='lat' dir='ltr'><strong>MSS.</strong></span> <span class='ocrx_word' id='word_1_88' title='bbox 1515 1676 1670 1734; x_wconf 88' lang='lat' dir='ltr'><strong>Dan.</strong></span> <span class='ocrx_word' id='word_1_89' title='bbox 1701 1685 1757 1733; x_wconf 82' lang='lat' dir='ltr'><em>et</em></span> <span class='ocrx_word' id='word_1_90' title='bbox 1787 1677 1948 1736; x_wconf 85' lang='lat' dir='ltr'><strong>Leid.</strong></span> 
     </span>
    </p>

    <p class='ocr_par' dir='ltr' id='par_1_8' title="bbox 258 1757 1963 2074">
     <span class='ocr_line' id='line_1_14' title="bbox 347 1757 1957 1832; baseline 0.001 -20"><span class='ocrx_word' id='word_1_91' title='bbox 347 1759 677 1823; x_wconf 83' lang='lat' dir='ltr'><em>Innocentiae,</em></span> <span class='ocrx_word' id='word_1_92' title='bbox 699 1775 793 1815; x_wconf 90' lang='lat'><strong>22.</strong></span> <span class='ocrx_word' id='word_1_93' title='bbox 815 1757 933 1830; x_wconf 81' lang='lat'><strong>10.]</strong></span> <span class='ocrx_word' id='word_1_94' title='bbox 956 1758 1097 1824; x_wconf 87' lang='lat' dir='ltr'>Alii,</span> <span class='ocrx_word' id='word_1_95' title='bbox 1116 1757 1436 1814; x_wconf 67' lang='lat' dir='ltr'><em>continentiae</em></span> <span class='ocrx_word' id='word_1_96' title='bbox 1447 1780 1462 1824; x_wconf 92' lang='lat'>;</span> <span class='ocrx_word' id='word_1_97' title='bbox 1495 1777 1668 1832; x_wconf 86' lang='lat' dir='ltr'><em>quam</em></span> <span class='ocrx_word' id='word_1_98' title='bbox 1687 1757 1957 1814; x_wconf 77' lang='lat' dir='ltr'><em>virtutem</em></span> 
     </span>
     <span class='ocr_line' id='line_1_15' title="bbox 258 1837 1959 1914; baseline -0.001 -18"><span class='ocrx_word' id='word_1_99' title='bbox 258 1837 426 1914; x_wconf 88' lang='lat' dir='ltr'><strong>Nep.</strong></span> <span class='ocrx_word' id='word_1_100' title='bbox 458 1857 593 1893; x_wconf 83' lang='lat' dir='ltr'><em>mox</em></span> <span class='ocrx_word' id='word_1_101' title='bbox 624 1837 979 1912; x_wconf 83' lang='lat' dir='ltr'><em>abstinentiam</em></span> <span class='ocrx_word' id='word_1_102' title='bbox 1007 1848 1190 1896; x_wconf 82' lang='lat' dir='ltr'><strong>vocat.</strong></span> <span class='ocrx_word' id='word_1_103' title='bbox 1274 1837 1566 1894; x_wconf 75' lang='lat' dir='ltr'><em>Innocentio</em></span> <span class='ocrx_word' id='word_1_104' title='bbox 1606 1857 1736 1904; x_wconf 84' lang='lat' dir='ltr'><em>vero</em></span> <span class='ocrx_word' id='word_1_105' title='bbox 1777 1857 1959 1913; x_wconf 87' lang='lat' dir='ltr'>quan-</span> 
     </span>
     <span class='ocr_line' id='line_1_16' title="bbox 258 1916 1963 1994; baseline 0 -18"><span class='ocrx_word' id='word_1_106' title='bbox 258 1919 458 1993; x_wconf 87' lang='lat' dir='ltr'>doque</span> <span class='ocrx_word' id='word_1_107' title='bbox 490 1917 637 1973; x_wconf 84' lang='lat' dir='ltr'><em>idem</em></span> <span class='ocrx_word' id='word_1_108' title='bbox 666 1918 850 1994; x_wconf 79' lang='lat' dir='ltr'><strong>signif.</strong></span> <span class='ocrx_word' id='word_1_109' title='bbox 882 1919 1033 1994; x_wconf 89' lang='lat' dir='ltr'><em>quod</em></span> <span class='ocrx_word' id='word_1_110' title='bbox 1059 1919 1383 1984; x_wconf 84' lang='lat' dir='ltr'><em>continentia,</em></span> <span class='ocrx_word' id='word_1_111' title='bbox 1412 1917 1496 1974; x_wconf 83' lang='lat' dir='ltr'><em>vel</em></span> <span class='ocrx_word' id='word_1_112' title='bbox 1527 1916 1865 1992; x_wconf 80' lang='lat' dir='ltr'><em>abstinentia3</em></span> <span class='ocrx_word' id='word_1_113' title='bbox 1906 1925 1963 1976; x_wconf 76' lang='lat' dir='ltr'><em>et</em></span> 
     </span>
     <span class='ocr_line' id='line_1_17' title="bbox 260 1998 1818 2074; baseline 0 -18"><span class='ocrx_word' id='word_1_114' title='bbox 260 1998 527 2056; x_wconf 81' lang='lat' dir='ltr'><em>avaritiae</em></span> <span class='ocrx_word' id='word_1_115' title='bbox 554 2000 861 2074; x_wconf 87' lang='lat' dir='ltr'>opponitur</span> <span class='ocrx_word' id='word_1_116' title='bbox 890 1999 949 2054; x_wconf 85' lang='lat' dir='ltr'><em>in</em></span> <span class='ocrx_word' id='word_1_117' title='bbox 978 1999 1103 2056; x_wconf 85' lang='lat' dir='ltr'>Cic.</span> <span class='ocrx_word' id='word_1_118' title='bbox 1136 1998 1300 2055; x_wconf 87' lang='lat' dir='ltr'><strong>Orat.</strong></span> <span class='ocrx_word' id='word_1_119' title='bbox 1331 2019 1432 2074; x_wconf 85' lang='lat' dir='ltr'><em>pro</em></span> <span class='ocrx_word' id='word_1_120' title='bbox 1459 1998 1581 2074; x_wconf 87' lang='lat' dir='ltr'>lege</span> <span class='ocrx_word' id='word_1_121' title='bbox 1609 1999 1818 2056; x_wconf 86' lang='lat' dir='ltr'><strong>Manil.</strong></span> 
     </span>
    </p>

    <p class='ocr_par' dir='ltr' id='par_1_9' title="bbox 355 2077 1608 2156">
     <span class='ocr_line' id='line_1_18' title="bbox 355 2077 1608 2156; baseline 0.002 -20"><span class='ocrx_word' id='word_1_122' title='bbox 355 2077 710 2152; x_wconf 70' lang='lat' dir='ltr'><em>Corfiitucret,</em></span> <span class='ocrx_word' id='word_1_123' title='bbox 744 2097 837 2136; x_wconf 90' lang='lat'><strong>22.</strong></span> <span class='ocrx_word' id='word_1_124' title='bbox 876 2097 907 2135; x_wconf 97' lang='lat'><strong>2</strong></span> <span class='ocrx_word' id='word_1_125' title='bbox 914 2079 1000 2156; x_wconf 84' lang='lat'><strong>5.]</strong></span> <span class='ocrx_word' id='word_1_126' title='bbox 1046 2078 1189 2148; x_wconf 83' lang='lat' dir='ltr'>Alii,</span> <span class='ocrx_word' id='word_1_127' title='bbox 1214 2081 1608 2152; x_wconf 83' lang='lat' dir='ltr'><em>constitueretur.</em></span> 
     </span>
    </p>

    <p class='ocr_par' dir='ltr' id='par_1_10' title="bbox 242 2157 1966 2319">
     <span class='ocr_line' id='line_1_19' title="bbox 352 2157 1966 2239; baseline 0.002 -25"><span class='ocrx_word' id='word_1_128' title='bbox 352 2162 396 2198; x_wconf 75' lang='lat'><em>‘¹¹’</em></span> <span class='ocrx_word' id='word_1_129' title='bbox 422 2157 833 2237; x_wconf 59' lang='lat' dir='ltr'><em>,Quadringenta</em></span> <span class='ocrx_word' id='word_1_130' title='bbox 862 2173 909 2217; x_wconf 84' lang='lat' dir='ltr'><em>et</em></span> <span class='ocrx_word' id='word_1_131' title='bbox 914 2158 1218 2237; x_wconf 72' lang='lat' dir='ltr'><em>fixaginta‚</em></span> <span class='ocrx_word' id='word_1_132' title='bbox 1253 2179 1347 2217; x_wconf 89' lang='lat'><strong>22.</strong></span> <span class='ocrx_word' id='word_1_133' title='bbox 1383 2159 1506 2233; x_wconf 89' lang='lat'><em>26]</em></span> <span class='ocrx_word' id='word_1_134' title='bbox 1537 2157 1894 2239; x_wconf 78' lang='lat' dir='ltr'><em>quadringena</em></span> <span class='ocrx_word' id='word_1_135' title='bbox 1913 2169 1966 2217; x_wconf 69' lang='lat' dir='ltr'><em>et</em></span> 
     </span>
     <span class='ocr_line' id='line_1_20' title="bbox 242 2238 1436 2319; baseline 0.003 -22"><span class='ocrx_word' id='word_1_136' title='bbox 242 2240 527 2319; x_wconf 72' lang='lat' dir='ltr'><em>sexagena</em></span> <span class='ocrx_word' id='word_1_137' title='bbox 556 2241 728 2299; x_wconf 92' lang='lat' dir='ltr'><strong>MSS.</strong></span> <span class='ocrx_word' id='word_1_138' title='bbox 754 2238 877 2298; x_wconf 87' lang='lat' dir='ltr'><strong>Gif.</strong></span> <span class='ocrx_word' id='word_1_139' title='bbox 906 2242 1060 2301; x_wconf 86' lang='lat' dir='ltr'><strong>Dan.</strong></span> <span class='ocrx_word' id='word_1_140' title='bbox 1093 2242 1219 2301; x_wconf 85' lang='lat' dir='ltr'><strong>sch.</strong></span> <span class='ocrx_word' id='word_1_141' title='bbox 1257 2241 1436 2301; x_wconf 79' lang='lat' dir='ltr'><strong>Boecl.</strong></span> 
     </span>
    </p>
   </div>
   <div class='ocr_carea' id='block_1_7' title="bbox 829 2438 1408 2500">
    <p class='ocr_par' dir='ltr' id='par_1_11' title="bbox 829 2438 1408 2500">
     <span class='ocr_line' id='line_1_21' title="bbox 829 2438 1408 2500; baseline 0.007 -5"><span class='ocrx_word' id='word_1_142' title='bbox 829 2438 923 2497; x_wconf 91' lang='lat' dir='ltr'><em>IN</em></span> <span class='ocrx_word' id='word_1_143' title='bbox 965 2438 1408 2500; x_wconf 79' lang='lat' dir='ltr'><strong>PAUSAN&#39;IA.</strong></span> 
     </span>
    </p>
   </div>
   <div class='ocr_carea' id='block_1_8' title="bbox 272 2510 1982 3849">
    <p class='ocr_par' dir='ltr' id='par_1_12' title="bbox 272 2510 1982 3849">
     <span class='ocr_line' id='line_1_22' title="bbox 1859 2510 1884 2537; baseline 0 0"><span class='ocrx_word' id='word_1_144' title='bbox 1859 2510 1884 2537; x_wconf 70' lang='grc' dir='ltr'>Ο</span> 
     </span>
     <span class='ocr_line' id='line_1_23' title="bbox 360 2566 1965 2647; baseline -0.001 -18"><span class='ocrx_word' id='word_1_145' title='bbox 360 2572 397 2607; x_wconf 74' lang='lat'><em>⁴⁸*</em></span> <span class='ocrx_word' id='word_1_146' title='bbox 415 2568 579 2643; x_wconf 82' lang='lat' dir='ltr'><em>Cujus</em></span> <span class='ocrx_word' id='word_1_147' title='bbox 598 2566 843 2647; x_wconf 65' lang='lat' dir='ltr'><em>illnstrffl‘]</em></span> <span class='ocrx_word' id='word_1_148' title='bbox 867 2586 961 2643; x_wconf 90' lang='lat'><strong>24.</strong></span> <span class='ocrx_word' id='word_1_149' title='bbox 975 2566 1065 2641; x_wconf 84' lang='lat'><strong>3.]</strong></span> <span class='ocrx_word' id='word_1_150' title='bbox 1091 2566 1267 2641; x_wconf 83' lang='lat' dir='ltr'><em>Hujus</em></span> <span class='ocrx_word' id='word_1_151' title='bbox 1288 2566 1533 2647; x_wconf 65' lang='lat' dir='ltr'><em>iIIttstrg&#39;ffl</em></span> <span class='ocrx_word' id='word_1_152' title='bbox 1555 2568 1705 2625; x_wconf 89' lang='lat' dir='ltr'><em>Voss.</em></span> <span class='ocrx_word' id='word_1_153' title='bbox 1731 2571 1965 2629; x_wconf 88' lang='lat' dir='ltr'><strong>A.B.C.</strong></span> 
     </span>
     <span class='ocr_line' id='line_1_24' title="bbox 358 2646 1968 2729; baseline 0 -20"><span class='ocrx_word' id='word_1_154' title='bbox 358 2648 769 2729; x_wconf 71' lang='lat' dir='ltr'><em>Exstalplerunt,</em></span> <span class='ocrx_word' id='word_1_155' title='bbox 828 2667 924 2723; x_wconf 91' lang='lat'><strong>24.</strong></span> <span class='ocrx_word' id='word_1_156' title='bbox 976 2648 1099 2720; x_wconf 86' lang='lat'><strong>18.]</strong></span> <span class='ocrx_word' id='word_1_157' title='bbox 1148 2648 1287 2713; x_wconf 85' lang='lat' dir='ltr'><strong>Alii,</strong></span> <span class='ocrx_word' id='word_1_158' title='bbox 1319 2646 1666 2729; x_wconf 80' lang='lat' dir='ltr'><em>exculpserunt</em></span> <span class='ocrx_word' id='word_1_159' title='bbox 1688 2674 1708 2705; x_wconf 93' lang='lat'><strong>.·</strong></span> <span class='ocrx_word' id='word_1_160' title='bbox 1752 2650 1968 2709; x_wconf 84' lang='lat' dir='ltr'><em>fortaffe</em></span> 
     </span>
     <span class='ocr_line' id='line_1_25' title="bbox 274 2726 1970 2806; baseline -0.001 -18"><span class='ocrx_word' id='word_1_161' title='bbox 274 2731 472 2789; x_wconf 83' lang='lat' dir='ltr'>minus</span> <span class='ocrx_word' id='word_1_162' title='bbox 502 2730 643 2787; x_wconf 60' lang='lat' dir='ltr'>ree&#39;ie</span> <span class='ocrx_word' id='word_1_163' title='bbox 665 2754 681 2795; x_wconf 91' lang='lat'>;</span> <span class='ocrx_word' id='word_1_164' title='bbox 712 2729 847 2806; x_wconf 77' lang='lat' dir='ltr'><em>quia</em></span> <span class='ocrx_word' id='word_1_165' title='bbox 876 2726 1139 2785; x_wconf 81' lang='lat' dir='ltr'>rariffime</span> <span class='ocrx_word' id='word_1_166' title='bbox 1168 2728 1430 2805; x_wconf 76' lang='lat' dir='ltr'><em>exculpere</em></span> <span class='ocrx_word' id='word_1_167' title='bbox 1457 2748 1558 2805; x_wconf 84' lang='lat' dir='ltr'><em>pro</em></span> <span class='ocrx_word' id='word_1_168' title='bbox 1585 2728 1750 2787; x_wconf 80' lang='lat' dir='ltr'><em>delere</em></span> <span class='ocrx_word' id='word_1_169' title='bbox 1774 2740 1829 2788; x_wconf 84' lang='lat' dir='ltr'><em>et</em></span> <span class='ocrx_word' id='word_1_170' title='bbox 1851 2750 1970 2787; x_wconf 89' lang='lat' dir='ltr'><em>era·</em></span> 
     </span>
     <span class='ocr_line' id='line_1_26' title="bbox 272 2808 1970 2887; baseline -0.002 -17"><span class='ocrx_word' id='word_1_171' title='bbox 272 2811 392 2870; x_wconf 84' lang='lat' dir='ltr'><em>dere</em></span> <span class='ocrx_word' id='word_1_172' title='bbox 419 2810 740 2887; x_wconf 73' lang='lat' dir='ltr'><em>usurpatur.</em></span> <span class='ocrx_word' id='word_1_173' title='bbox 830 2809 947 2866; x_wconf 85' lang='lat' dir='ltr'><em>Hic</em></span> <span class='ocrx_word' id='word_1_174' title='bbox 976 2828 1103 2865; x_wconf 83' lang='lat' dir='ltr'><em>vero</em></span> <span class='ocrx_word' id='word_1_175' title='bbox 1131 2808 1448 2865; x_wconf 81' lang='lat' dir='ltr'><em>Scholiastae</em></span> <span class='ocrx_word' id='word_1_176' title='bbox 1478 2810 1562 2867; x_wconf 80' lang='lat' dir='ltr'><em>uti</em></span> <span class='ocrx_word' id='word_1_177' title='bbox 1595 2810 1771 2867; x_wconf 88' lang='lat' dir='ltr'><em>solent</em></span> <span class='ocrx_word' id='word_1_178' title='bbox 1800 2812 1868 2868; x_wconf 91' lang='lat' dir='ltr'><em>de</em></span> <span class='ocrx_word' id='word_1_179' title='bbox 1896 2812 1970 2867; x_wconf 82' lang='lat' dir='ltr'><em>li-</em></span> 
     </span>
     <span class='ocr_line' id='line_1_27' title="bbox 274 2889 1970 2967; baseline 0 -18"><span class='ocrx_word' id='word_1_180' title='bbox 274 2892 429 2959; x_wconf 84' lang='lat' dir='ltr'>teris,</span> <span class='ocrx_word' id='word_1_181' title='bbox 460 2891 731 2948; x_wconf 83' lang='lat' dir='ltr'><em>nimirum</em></span> <span class='ocrx_word' id='word_1_182' title='bbox 774 2890 843 2946; x_wconf 90' lang='lat' dir='ltr'><em>de</em></span> <span class='ocrx_word' id='word_1_183' title='bbox 870 2910 905 2945; x_wconf 84' lang='lat' dir='ltr'><em>u</em></span> <span class='ocrx_word' id='word_1_184' title='bbox 935 2899 991 2946; x_wconf 89' lang='lat' dir='ltr'><em>et</em></span> <span class='ocrx_word' id='word_1_185' title='bbox 1016 2906 1053 2946; x_wconf 85' lang='lat' dir='ltr'><em>a</em></span> <span class='ocrx_word' id='word_1_186' title='bbox 1094 2889 1356 2946; x_wconf 80' lang='lat' dir='ltr'>acerrime</span> <span class='ocrx_word' id='word_1_187' title='bbox 1403 2890 1548 2947; x_wconf 81' lang='lat' dir='ltr'>inter</span> <span class='ocrx_word' id='word_1_188' title='bbox 1575 2889 1626 2947; x_wconf 90' lang='lat' dir='ltr'><em>se</em></span> <span class='ocrx_word' id='word_1_189' title='bbox 1653 2891 1970 2967; x_wconf 82' lang='lat' dir='ltr'>digladian-</span> 
     </span>
     <span class='ocr_line' id='line_1_28' title="bbox 276 2982 1982 3038; baseline -0.001 -7"><span class='ocrx_word' id='word_1_190' title='bbox 276 2982 390 3031; x_wconf 85' lang='lat' dir='ltr'><strong>tur.</strong></span> <span class='ocrx_word' id='word_1_191' title='bbox 1975 3022 1982 3038; x_wconf 91' lang='grc'><strong>,</strong></span> 
     </span>
     <span class='ocr_line' id='line_1_29' title="bbox 361 3048 1968 3129; baseline 0.001 -20"><span class='ocrx_word' id='word_1_192' title='bbox 361 3050 711 3129; x_wconf 77' lang='lat' dir='ltr'><em>Eretrienfi’m,</em></span> <span class='ocrx_word' id='word_1_193' title='bbox 744 3068 776 3106; x_wconf 91' lang='lat'><strong>2</strong></span> <span class='ocrx_word' id='word_1_194' title='bbox 784 3064 839 3126; x_wconf 79' lang='lat'><strong>5.</strong></span> <span class='ocrx_word' id='word_1_195' title='bbox 873 3048 959 3123; x_wconf 89' lang='lat'><strong>8.]</strong></span> <span class='ocrx_word' id='word_1_196' title='bbox 1005 3050 1094 3107; x_wconf 85' lang='lat' dir='ltr'><em>Ita</em></span> <span class='ocrx_word' id='word_1_197' title='bbox 1122 3048 1377 3128; x_wconf 81' lang='lat' dir='ltr'>plerique</span> <span class='ocrx_word' id='word_1_198' title='bbox 1404 3050 1578 3107; x_wconf 86' lang='lat' dir='ltr'>edunt</span> <span class='ocrx_word' id='word_1_199' title='bbox 1606 3070 1673 3108; x_wconf 87' lang='lat' dir='ltr'><em>ex</em></span> <span class='ocrx_word' id='word_1_200' title='bbox 1701 3050 1968 3129; x_wconf 83' lang='lat' dir='ltr'><strong>Thucyd.</strong></span> 
     </span>
     <span class='ocr_line' id='line_1_30' title="bbox 278 3130 863 3207; baseline 0 -17"><span class='ocrx_word' id='word_1_201' title='bbox 278 3133 375 3191; x_wconf 78' lang='lat' dir='ltr'>alii</span> <span class='ocrx_word' id='word_1_202' title='bbox 406 3152 539 3189; x_wconf 83' lang='lat' dir='ltr'><em>vero</em></span> <span class='ocrx_word' id='word_1_203' title='bbox 566 3130 863 3207; x_wconf 83' lang='lat' dir='ltr'><em>Cretensem.</em></span> 
     </span>
     <span class='ocr_line' id='line_1_31' title="bbox 364 3208 1968 3290; baseline 0 -19"><span class='ocrx_word' id='word_1_204' title='bbox 364 3212 439 3271; x_wconf 89' lang='lat' dir='ltr'><em>Te</em></span> <span class='ocrx_word' id='word_1_205' title='bbox 457 3210 829 3289; x_wconf 69' lang='lat' dir='ltr'><em>adjuvante,st</em></span> <span class='ocrx_word' id='word_1_206' title='bbox 849 3208 1194 3278; x_wconf 66' lang='lat' dir='ltr'><em>redae‘lurum,</em></span> <span class='ocrx_word' id='word_1_207' title='bbox 1216 3228 1247 3266; x_wconf 97' lang='lat'><strong>2</strong></span> <span class='ocrx_word' id='word_1_208' title='bbox 1255 3222 1310 3289; x_wconf 81' lang='grc'><em>5.</em></span> <span class='ocrx_word' id='word_1_209' title='bbox 1333 3210 1406 3268; x_wconf 93' lang='lat'><em>16</em></span> <span class='ocrx_word' id='word_1_210' title='bbox 1412 3212 1454 3283; x_wconf 89' lang='lat'><strong>.]</strong></span> <span class='ocrx_word' id='word_1_211' title='bbox 1480 3210 1621 3278; x_wconf 78' lang='lat' dir='ltr'>Alii,</span> <span class='ocrx_word' id='word_1_212' title='bbox 1617 3214 1682 3290; x_wconf 79' lang='lat' dir='ltr'><em>se</em></span> <span class='ocrx_word' id='word_1_213' title='bbox 1699 3212 1968 3286; x_wconf 64' lang='lat' dir='ltr'><em>adjuvan-</em></span> 
     </span>
     <span class='ocr_line' id='line_1_32' title="bbox 281 3292 811 3363; baseline -0.004 -12"><span class='ocrx_word' id='word_1_214' title='bbox 281 3306 348 3363; x_wconf 75' lang='lat' dir='ltr'><em>te,</em></span> <span class='ocrx_word' id='word_1_215' title='bbox 376 3292 705 3351; x_wconf 68' lang='lat' dir='ltr'><em>redacturum</em></span> <span class='ocrx_word' id='word_1_216' title='bbox 727 3292 811 3349; x_wconf 85' lang='lat' dir='ltr'><em>iri.</em></span> 
     </span>
     <span class='ocr_line' id='line_1_33' title="bbox 365 3366 1892 3449; baseline 0.003 -19"><span class='ocrx_word' id='word_1_217' title='bbox 365 3376 402 3411; x_wconf 75' lang='lat'><em>⁴⁸*</em></span> <span class='ocrx_word' id='word_1_218' title='bbox 430 3374 535 3430; x_wconf 78' lang='lat' dir='ltr'><em>His</em></span> <span class='ocrx_word' id='word_1_219' title='bbox 564 3371 627 3429; x_wconf 89' lang='lat' dir='ltr'><em>de</em></span> <span class='ocrx_word' id='word_1_220' title='bbox 656 3370 824 3440; x_wconf 85' lang='lat' dir='ltr'><em>rebus,</em></span> <span class='ocrx_word' id='word_1_221' title='bbox 859 3390 891 3428; x_wconf 94' lang='lat'><strong>2</strong></span> <span class='ocrx_word' id='word_1_222' title='bbox 896 3382 953 3447; x_wconf 78' lang='lat'><strong>5.</strong></span> <span class='ocrx_word' id='word_1_223' title='bbox 984 3366 1111 3446; x_wconf 83' lang='lat'><strong>17.]</strong></span> <span class='ocrx_word' id='word_1_224' title='bbox 1158 3368 1353 3449; x_wconf 65' lang='lat' dir='ltr'><em>Hg&#39;sque</em></span> <span class='ocrx_word' id='word_1_225' title='bbox 1379 3370 1442 3427; x_wconf 86' lang='lat' dir='ltr'><em>de</em></span> <span class='ocrx_word' id='word_1_226' title='bbox 1469 3370 1617 3430; x_wconf 80' lang='lat' dir='ltr'><em>rebus</em></span> <span class='ocrx_word' id='word_1_227' title='bbox 1644 3372 1796 3433; x_wconf 76' lang='lat' dir='ltr'><em>Voss.</em></span> <span class='ocrx_word' id='word_1_228' title='bbox 1823 3376 1892 3435; x_wconf 85' lang='lat' dir='ltr'><strong>B.</strong></span> 
     </span>
     <span class='ocr_line' id='line_1_34' title="bbox 378 3450 1890 3530; baseline -0.001 -18"><span class='ocrx_word' id='word_1_229' title='bbox 378 3452 647 3529; x_wconf 82' lang='lat' dir='ltr'><em>Cogitata,</em></span> <span class='ocrx_word' id='word_1_230' title='bbox 682 3452 774 3509; x_wconf 92' lang='lat'><strong>26.</strong></span> <span class='ocrx_word' id='word_1_231' title='bbox 806 3450 888 3524; x_wconf 79' lang='grc'><em>1.]</em></span> <span class='ocrx_word' id='word_1_232' title='bbox 937 3450 1219 3509; x_wconf 85' lang='lat' dir='ltr'><em>Gebhard.</em></span> <span class='ocrx_word' id='word_1_233' title='bbox 1243 3465 1446 3509; x_wconf 81' lang='lat' dir='ltr'><em>conata.</em></span> <span class='ocrx_word' id='word_1_234' title='bbox 1509 3452 1639 3510; x_wconf 89' lang='lat' dir='ltr'><strong>MS.</strong></span> <span class='ocrx_word' id='word_1_235' title='bbox 1668 3456 1890 3530; x_wconf 81' lang='lat' dir='ltr'><em>cognita.</em></span> 
     </span>
     <span class='ocr_line' id='line_1_35' title="bbox 366 3530 1769 3608; baseline 0.001 -18"><span class='ocrx_word' id='word_1_236' title='bbox 366 3539 406 3572; x_wconf 65' lang='lat'><em>⁴·</em></span> <span class='ocrx_word' id='word_1_237' title='bbox 438 3532 672 3597; x_wconf 75' lang='lat' dir='ltr'><em>Calenus,</em></span> <span class='ocrx_word' id='word_1_238' title='bbox 701 3532 795 3589; x_wconf 92' lang='lat'><strong>26.</strong></span> <span class='ocrx_word' id='word_1_239' title='bbox 824 3530 918 3608; x_wconf 90' lang='lat'><strong>9.]</strong></span> <span class='ocrx_word' id='word_1_240' title='bbox 970 3530 1189 3589; x_wconf 88' lang='lat' dir='ltr'><em>Golonas</em></span> <span class='ocrx_word' id='word_1_241' title='bbox 1220 3532 1378 3589; x_wconf 83' lang='lat' dir='ltr'><strong>Leid.</strong></span> <span class='ocrx_word' id='word_1_242' title='bbox 1408 3532 1561 3590; x_wconf 82' lang='lat' dir='ltr'><strong>Voff.</strong></span> <span class='ocrx_word' id='word_1_243' title='bbox 1593 3534 1671 3590; x_wconf 87' lang='lat' dir='ltr'><strong>A.</strong></span> <span class='ocrx_word' id='word_1_244' title='bbox 1703 3535 1769 3592; x_wconf 91' lang='lat' dir='ltr'><strong>B.</strong></span> 
     </span>
     <span class='ocr_line' id='line_1_36' title="bbox 370 3612 1309 3689; baseline -0.001 -17"><span class='ocrx_word' id='word_1_245' title='bbox 370 3612 590 3681; x_wconf 84' lang='lat' dir='ltr'><em>Troade,</em></span> <span class='ocrx_word' id='word_1_246' title='bbox 626 3613 722 3669; x_wconf 88' lang='lat'><em>26.</em></span> <span class='ocrx_word' id='word_1_247' title='bbox 752 3618 843 3689; x_wconf 76' lang='lat'><strong>9.]</strong></span> <span class='ocrx_word' id='word_1_248' title='bbox 893 3612 1037 3679; x_wconf 80' lang='lat' dir='ltr'>Alii,</span> <span class='ocrx_word' id='word_1_249' title='bbox 1070 3612 1309 3671; x_wconf 87' lang='lat' dir='ltr'><em>Troadis.</em></span> 
     </span>
     <span class='ocr_line' id='line_1_37' title="bbox 370 3692 1973 3775; baseline -0.002 -20"><span class='ocrx_word' id='word_1_250' title='bbox 370 3692 613 3775; x_wconf 81' lang='lat' dir='ltr'><em>Scytala,</em></span> <span class='ocrx_word' id='word_1_251' title='bbox 648 3692 738 3752; x_wconf 89' lang='lat'><strong>26.</strong></span> <span class='ocrx_word' id='word_1_252' title='bbox 767 3692 887 3767; x_wconf 87' lang='lat'><strong>12.]</strong></span> <span class='ocrx_word' id='word_1_253' title='bbox 934 3692 1063 3750; x_wconf 91' lang='lat' dir='ltr'><strong>MS.</strong></span> <span class='ocrx_word' id='word_1_254' title='bbox 1092 3692 1303 3751; x_wconf 84' lang='lat' dir='ltr'><em>lancea:</em></span> <span class='ocrx_word' id='word_1_255' title='bbox 1347 3693 1465 3765; x_wconf 82' lang='lat' dir='ltr'>alii,</span> <span class='ocrx_word' id='word_1_256' title='bbox 1493 3693 1638 3752; x_wconf 84' lang='lat' dir='ltr'><em>lana.</em></span> <span class='ocrx_word' id='word_1_257' title='bbox 1681 3694 1842 3751; x_wconf 77' lang='lat' dir='ltr'><strong>Quid</strong></span> <span class='ocrx_word' id='word_1_258' title='bbox 1873 3714 1973 3751; x_wconf 84' lang='lat' dir='ltr'><em>au-</em></span> 
     </span>
     <span class='ocr_line' id='line_1_38' title="bbox 410 3788 1977 3849; baseline 0.003 -18"><span class='ocrx_word' id='word_1_259' title='bbox 410 3792 418 3801; x_wconf 90' lang='lat'><strong>·</strong></span> <span class='ocrx_word' id='word_1_260' title='bbox 1098 3790 1138 3831; x_wconf 78' lang='lat' dir='ltr'>x</span> <span class='ocrx_word' id='word_1_261' title='bbox 1173 3792 1208 3849; x_wconf 87' lang='lat'><strong><em>3</em></strong></span> <span class='ocrx_word' id='word_1_262' title='bbox 1860 3788 1977 3836; x_wconf 76' lang='lat' dir='ltr'><em>tem</em></span> 
     </span>
    </p>
   </div>
  </div>
 </body>
</html>
