2587 4402
646 446 767 515 152
1371 457 1598 503 cA‘ro.

638 586 761 646 erit
786 582 1223 672 incognitum.
1280 590 1388 651 Ab
1414 588 1838 653 adolescentia
1865 586 2146 651 confecit
2175 607 2322 649 ora-

635 684 885 749 tiones:
939 688 1127 755 senex
1166 687 1434 753 scribere
1485 688 1772 753 historias
1816 686 2107 766 instituit,
2155 708 2321 772 qua·

634 807 778 849 rum
828 786 975 851 funt
1021 788 1171 851 libri
1217 788 1482 875 septem.
1588 788 1838 853 Primus
1882 788 2178 851 continet
2221 808 2324 851 res

633 888 841 972 gestas
889 910 1120 974 regum
1153 891 1308 975 Pop.
1341 893 1532 955 Rom.
1595 888 1910 954 secundus
1953 900 2022 950 et
2061 888 2322 964 tertiae,

632 988 808 1051 unde
840 1011 1113 1074 quaeque
1144 989 1370 1053 civitas
1397 1004 1538 1053 orta
1579 990 1654 1053 fit
1681 990 1949 1053 Italica:
1995 989 2084 1051 ob
2120 1010 2322 1074 quam
2355 1008 2382 1060 ς

630 1108 769 1151 rem
828 1110 1053 1153 omnes
1107 1090 1418 1177 Origines
1479 1090 1730 1167 videtur
1776 1089 2130 1176 appellasse.
2242 1091 2274 1151 Ι
2281 1112 2322 1151 n

631 1203 860 1273 quarto
918 1204 1133 1255 autem
1194 1192 1441 1255 bellum
1501 1193 1812 1256 Punicum
1862 1192 2140 1277 primum
2170 1215 2187 1254 ε
2247 1190 2320 1255 in

629 1291 864 1377 quinto
891 1294 1269 1359 secundum.
1357 1297 1580 1381 Atque
1623 1296 1768 1359 haec
1793 1294 2016 1358 omnia
2057 1292 2318 1380 capitu-

625 1392 809 1457 latim
840 1394 985 1458 sunt
1014 1394 1212 1460 dieta.
1303 1396 1579 1482 Reliqua
1597 1396 1770 1461 bella
1795 1395 1928 1481 pari
1949 1393 2148 1457 modo
2174 1414 2322 1479 per-

625 1492 883 1557 secutus
912 1495 999 1558 est
1027 1494 1227 1581 usque
1254 1495 1338 1559 ad
1367 1508 1704 1581 praeturam
1741 1498 1880 1561 Ser.
1911 1494 2168 1573 Galbae,
2199 1494 2320 1581 qui
2359 1514 2414 1548 1·

627 1593 895 1681 diripuit
952 1596 1310 1661 LufitanOS.
1421 1584 1646 1683 Atque
1699 1597 1934 1661 horum
1993 1595 2316 1660 bellorum

628 1695 827 1759 duces
866 1718 995 1760 non
1050 1697 1430 1776 nominavit,
1461 1697 1568 1761 sed
1611 1699 1738 1761 fine
1793 1696 2168 1761 nominibus
2213 1718 2320 1762 res

626 1798 899 1861 notavit.
960 1800 1035 1861 In
1072 1796 1298 1861 iisdem
1341 1800 1632 1884 exposuit
1674 1820 1820 1885 quae
1863 1800 1931 1862 in
1966 1797 2152 1861 Italia
2180 1798 2314 1861 Hi-

624 1897 977 1983 spaniisque
1026 1898 1394 1963 viderentur
1449 1899 1841 1965 admiranda.
1947 1900 2026 1961 In
2075 1898 2318 1985 quibus

622 1997 833 2061 multa
864 1997 1189 2078 industria,
1222 2012 1291 2061 et
1327 1998 1688 2085 diligentia,
1717 2010 2066 2085 comparet,
2102 1998 2316 2063 multa
2354 2023 2406 2075 ις

621 2098 937 2165 ἀοᾶτὶηει.
1024 2101 1247 2187 Hujus
1295 2101 1380 2165 de
1405 2102 1538 2165 vita
1567 2114 1638 2165 et
1680 2102 1968 2166 moribus
2013 2100 2198 2187 plura
2241 2099 2312 2165 in

621 2225 703 2266 eo
728 2204 895 2267 libro
924 2203 1233 2289 persecuti
1264 2204 1506 2282 sumne,
1527 2227 1724 2291 quem
1751 2205 2083 2290 separatim
2115 2205 2200 2270 de
2229 2228 2312 2270 eo

620 2304 917 2386 fec-imm,
947 2319 1183 2393 rogatu
1223 2307 1356 2372 Titi
1405 2308 1738 2393 Pomponii
1766 2308 1998 2372 Attici.
2089 2308 2312 2372 Quare

625 2409 929 2473 studiosos
958 2409 1229 2474 Catonis
1254 2409 1340 2472 ad
1369 2410 1530 2476 illud
1559 2409 1858 2476 volumen
1889 2410 2280 2496 relegamus.

2072 3723 2296 3790 VITA
