2587 4402
641 467 771 532 104
1250 448 1713 518 Aeusruusz

638 593 873 688 eampo
920 598 1017 665 sui
1070 600 1227 667 fecit
1272 602 1673 687 potestatem,
1713 610 1780 665 et
1825 596 1930 663 his
1972 598 2134 664 locis
2177 620 2324 665 ma-

638 726 797 767 num
828 702 1169 782 conseruit,
1202 704 1442 790 quibus
1469 704 1612 789 plus
1641 702 1952 789 pedestres
1981 703 2182 789 copiae
2207 725 2323 766 va-

633 805 868 872 lerent.
959 806 1211 893 Pe'pulit
1256 820 1441 893 ergO,
1474 805 1981 892 quotiescunque
2021 804 2328 893 congr-esa

636 908 739 973 sus
780 910 889 987 est,
934 908 1147 974 multo
1189 908 1462 996 majores
1509 906 2036 973 adversariorum
2059 909 2326 994 copias
2299 956 2320 988 ,

634 1020 725 1075 et
718 1010 859 1075 fic'
842 1034 909 1075 m
955 1011 1105 1075 Afia
1142 1010 1420 1076 versatus
1447 1010 1558 1090 est,
1589 1022 1666 1075 ut
1695 1009 1987 1075 omnium
2018 1010 2325 1097 opinione
2355 1021 2390 1123 ⁵.

626 1110 841 1177 *vietor
868 1112 1231 1177 duceretur.
1303 1154 1306 1157 -
1592 1134 1600 1143 ·

646 1242 654 1252 ·
722 1214 845 1279 IV.
900 1216 1035 1281 Hie
1084 1236 1235 1279 eum
1285 1214 1504 1280 animo
1553 1214 1972 1291 meditaretur
2015 1212 2328 1300 proficisci

633 1315 703 1379 in
734 1316 969 1398 Persas,
1000 1330 1069 1382 et
1109 1316 1316 1405 ipsum
1369 1319 1620 1405 Regem
1669 1316 1924 1397 adoriri,
1953 1316 2224 1381 nuntius
2261 1316 2329 1381 ei

634 1416 834 1481 domo
874 1416 1055 1483 venit
1088 1418 1402 1505 ephorum
1433 1416 1628 1505 jussu,
1661 1418 1906 1483 bellum
1957 1416 2326 1481 Athenien-³

630 1520 729 1583 fes
757 1533 832 1583 et·
854 1517 1143 1587 Boeotios
1182 1520 1480 1586 ‘indixiffe
1519 1520 2075 1585 Lacedaemoniis:
2123 1542 2326 1607 quare
2363 1540 2422 1575 ¹·

626 1619 853 1686 venire
878 1642 1009 1684 non
1038 1620 1391 1686 dubitaret.
1483 1623 1560 1685 In
1607 1621 1734 1685 hoe
1769 1642 1900 1683 non
1935 1619 2154 1683 minus
2185 1618 2326 1706 ejus

636 1721 839 1806 pietas
866 1720 1261 1808 suspicienda
1282 1722 1394 1802 est,
1427 1744 1620 1809 quam
1645 1722 1852 1785 virtus
1876 1721 2111 1786 bellica
2133 1744 2151 1799 3
2187 1722 2328 1807 qui,

635 1844 787 1887 eum
808 1822 1035 1887 vitstori
1051 1824 1336 1910 praeefl'et
1351 1822 1687 1902 exercitui,
1705 1822 2184 1907 maximamque
2203 1822 2322 1887 ha-

632 1925 815 1989 beret
861 1921 1162 1991 fiduciam
1201 1927 1392 2013 regni
1437 1924 1756 1991 Persarum
1789 1924 2110 2011 potiundi,
2141 1936 2326 1989 tanta·

632 2026 941 2091 modestia
964 2026 1143 2093 dieto
1166 2028 1433 2093 audiens
1451 2026 1577 2092 fuit
1593 2026 1772 2113 juffis
1791 2026 2148 2091 absentium
2175 2048 2321 2091 man·
2343 2046 2414 2104 ‘1⁵

633 2126 1037 2212 gistratuum,
1067 2140 1146 2193 ut
1176 2130 1217 2191 fi
1245 2130 1532 2217 privatus
1555 2130 1624 2194 iu
1653 2129 1924 2195 comitio
1949 2130 2102 2195 effet
2127 2133 2321 2220 Spar·

632 2241 755 2292 tae:
802 2229 985 2316 cujus
1014 2230 1386 2318 exemplum
1415 2231 1668 2296 utinam
1690 2231 2108 2318 imperatores
2131 2235 2323 2300 nostri

596 2421 603 2430 .
633 2331 815 2418 sequi
853 2332 1209 2398 voluifl'ent.
1301 2334 1430 2400 Sed
1472 2335 1638 2400 illue
1678 2334 2041 2401 redeamus.
2128 2338 2320 2426 Age-⁴:

616 2431 816 2498 filaus
846 2434 1320 2521 opulentiffimo
1347 2437 1552 2524 reguo
1576 2436 1916 2524 proeposuit
1943 2440 2178 2503 bonam
2209 2454 2324 2504 ex-

633 2534 1107 2615 istimationem,
1138 2537 1479 2622 multoque
1523 2537 1878 2625 gloriofius‘
1901 2540 2112 2620 duxit,
2144 2541 2184 2604 fi
2216 2541 2320 2605 ins
2357 2572 2414 2609 ιο

634 2636 865 2700 stitutio
892 2638 1111 2722 patriae
1140 2637 1454 2724 paruiffet,
1487 2661 1684 2726 quam
1713 2639 1958 2705 fi·bello
1985 2641 2326 2728 superaffet

632 2737 871 2801 Afiam.
900 2740 1071 2802 ‘Hae
1102 2739 1306 2826 igitur
1331 2753 1550 2804 mente
1581 2741 2071 2828 Hellespontum
2105 2743 2326 2830 eopia&

631 2839 905 2926 trajecit,
949 2851 1255 2928 tantaque
1300 2843 1452 2906 usus
1492 2843 1580 2905 est
1627 2843 1984 2923 celeritate,
2017 2857 2114 2925 ut,
2145 2846 2325 2932 quod

633 2941 757 3005 iter
776 2943 1029 3006 Xerxes*
1046 2945 1216 3007 anno
1236 2953 1526 3006 ‘vertente
1540 2941 1932 3027 confecerat,
1964 2944 2072 3009 hic
2093 2947 2322 3010 tranfia

634 3044 759 3108 erit
782 3043 1332 3130 triginta'diebuS.
1423 3045 1595 3110 Cum
1622 3046 1760 3133 jam
1797 3046 1972 3111 haud
2003 3048 2094 3112 ita
2121 3048 2322 3137 long‘e
2357 3072 2414 3126 ²5

632 3144 866 3208 abeffet
907 3166 955 3207 a·
974 3145 1430 3230 PeloponnesO,
1463 3147 1754 3212 obsistere
1801 3147 1862 3212 ei
1909 3150 2125 3213 eonati
2175 3151 2324 3216 sunt
2395 3167 2402 3176 ‘

630 3244 1075 3310 Athenienses¹
1110 3257 1177 3308 et
1213 3247 1480 3326 Boeotii,
1528 3248 1872 3334 caeterique
1899 3271 2122 3314 eorum
2165 3253 2322 3318 socii

630 3346 806 3432 apud
860 3346 1223 3410 Coroneam
1259 3371 1279 3410 t
1349 3370 1512 3434 quos
1575 3371 1682 3412 om
1690 3371 1802 3414 nes
1861 3351 2041 3438 gravi
2099 3353 2321 3438 praelio·

630 3447 808 3512 vicit.
898 3447 1115 3535 Hujus
1160 3448 1448 3513 vietoriae
1489 3450 1614 3514 'vel-
1653 3450 1934 3516 maxima
1975 3449 2104 3516 fuit
2152 3453 2319 3535 laus,

630 3549 810 3635 quod
838 3573 992 3614 cum
1023 3549 1315 3636 plerique
1349 3549 1620 3636 ex'fuga
1643 3551 1706 3614 se
1733 3552 1800 3616 in
1829 3553 2144 3640 templum
2178 3556 2314 3620 Mi·
2349 3589 2404 3636 3⁰

630 3669 861 3719 nervae·
879 3652 1310 3741 conjeciffent,
1342 3667 1862 3742 quaerereturque
1893 3657 1976 3722 ab
2023 3677 2126 3740 eo,
2159 3658 2316 3746 quid

642 3779 649 3786 ·
1349 3779 1372 3828 ι
1423 3772 1428 3782 ·
2211 3759 2316 3830 his
