2587 4402
744 444 759 452 =
836 430 1353 480 rnAGMEer.
1388 430 1464 476 v.
1855 419 1973 488 177

695 659 1133 733 CORNELII
1181 656 1570 726 NEPOTIS

538 831 685 896 Lib.
716 833 771 897 I.
804 832 1208 921 Epistolarum
1240 832 1330 898 ad
1359 830 1720 895 Ciceronem.

554 959 577 972 ἢ
980 1004 1162 1068 ΟΑΡ.
1193 1001 1282 1066 V.

354 1135 647 1202 Tantum
679 1139 873 1220 abest,
906 1149 981 1204 ut
1018 1159 1147 1226 ego
1193 1135 1556 1224 magistram
1587 1131 1708 1198 effe
1744 1143 1973 1219 putem

268 1236 421 1302 vitae
480 1238 982 1328 Philosophiam,
1032 1243 1374 1327 beataeque
1430 1237 1581 1304 vitae
1635 1235 1970 1323 perfeetri-

268 1360 461 1418 cem3
535 1353 615 1404 ut
683 1341 877 1406 nullis
938 1341 1149 1430 magis
1216 1340 1568 1405 existimem
1625 1360 1787 1424 opus
1853 1337 1974 1400 effe

265 1440 589 1528 magistris
645 1441 925 1522 vivendi,
984 1465 1179 1530 quam
1218 1441 1568 1528 plerisque,
1614 1438 1727 1526 qui
1778 1438 1848 1500 in
1899 1458 1976 1500 ea

264 1537 653 1626 disputanda
707 1542 1055 1608 versantur.
1165 1542 1382 1608 Video
1437 1541 1612 1606 enim
1667 1559 1972 1624 magnam

262 1653 518 1727 partem
550 1665 803 1724 eorum,
834 1645 949 1732 qui
979 1645 1045 1710 in
1078 1645 1291 1711 schola
1317 1645 1398 1710 de
1429 1643 1674 1732 pudore
1711 1654 1778 1706 et
1808 1663 1968 1704 con-

263 1746 544 1813 tinentia
572 1748 946 1835 praecipiant
974 1749 1386 1836 argutiffime,
1420 1746 1676 1813 eosdem
1707 1745 1773 1809 in
1825 1765 1980 1808 om·-

264 1849 451 1914 nium
484 1849 839 1914 libidinum
868 1850 1334 1939 cupiditatibus
1364 1850 1610 1914 vivere..

634 2051 738 2116 M.
768 2051 1085 2116 TULLII
1120 2050 1626 2117 CICERONIS·-

702 2201 825 2269 ΑΒ
857 2185 1109 2268 cnm-1.
1140 2204 1536 2268 NEPOTEM-

761 2344 1166 2440 Epistola'rum
1201 2354 1344 2419 Lib.
1379 2352 1480 2417 II}

352 2490 589 2575 Itaque
639 2487 852 2568 nostri,
884 2510 1037 2553 cum
1083 2482 1326 2570 Ouinia,
1377 2512 1524 2577 quae
1568 2486 1974 2569 dixissemus,

260 2590 445 2655 dieta
476 2588 701 2669 essent,
746 2612 891 2676 quae
935 2588 1163 2669 facete,
1194 2602 1263 2654 et
1308 2590 1608 2671 breviter,
1641 2603 1708 2655 et
1748 2603 1972 2669 acute,

260 2692 475 2758 locuti
532 2691 823 2772 effemuS,
882 2714 961 2756 ea
1013 2693 1275 2780 proprio.
1330 2694 1591 2757 nomine
1659 2693 1970 2781 appellari

263 2794 434 2859 dieza
464 2793 840 2859 voluerunt..
1452 2795 1466 2804 ’”

628 2944 745 3010 Ad
769 2946 1037 3026 eundem,
1070 2970 1142 3009 ex
1172 2944 1322 3009 lib‘ro
1351 2945 1606 3012 incerto..

356 3086 515 3149 Hoc·
538 3082 844 3147 restiterat
872 3081 1094 3163 etiam,
1119 3094 1195 3147 ut
1225 3104 1262 3146 a
1305 3094 1371 3147 te
1425 3081 1589 3149 fiffls
1639 3083 1973 3171 aggrede-

264 3208 371 3249 rer
398 3184 621 3250 donis?

315 3284 329 3289 ’
358 3287 495 3352 Qui
544 3287 764 3366 habet,
795 3286 969 3351 ultro
1014 3284 1383 3372 appetitur:
1424 3286 1538 3373 qui
1577 3288 1661 3351 est
1698 3310 1968 3375 pauper,

267 3390 657 3475 aspernatur.

361 3490 589 3555 Quid?
642 3500 967 3554 oratorum
1010 3509 1207 3575 quem
1251 3487 1408 3551 huic
1450 3500 1798 3575 antepones
1846 3512 1962 3554 eo-
2008 3498 2016 3507 ‘

272 3614 442 3671 mm,
472 3592 587 3677 qui
634 3591 795 3656 nihil
847 3590 1021 3655 aliud
1069 3591 1394 3676 egerunt?
1447 3589 1590 3676 quis
1633 3590 1963 3655 sententiis

1090 3712 1115 3755 1
1150 3706 1191 3775 5
1451 3759 1456 3767 ,
1852 3704 1968 3755 aut
