2587 4402
980 1062 1204 1127 XVII.

756 1260 1434 1335 AGESILAUS.

246 1520 305 1585 1.
336 1489 889 1587 AGESILAUS
930 1518 1486 1599 LacedaemoniuS,
1537 1540 1688 1585 cum
1733 1543 1772 1586 a
1813 1542 1943 1589 cae-

243 1625 413 1689 teris
458 1618 893 1707 scriptoribus,
943 1632 1085 1685 tum
1132 1620 1370 1685 eximie
1419 1644 1459 1686 a
1504 1623 1946 1710 Xenophonte

246 1725 610 1802 Socration,
662 1722 1064 1789 collaudatus
1114 1722 1223 1787 est.
1286 1716 1418 1787 'Eo
1459 1724 1634 1787 enim
1663 1724 1814 1789 usus
1859 1726 1946 1789 est

246 1826 754 1893 familiariffime.
860 1823 995 1888 Hic
1050 1822 1334 1907 primum
1392 1822 1476 1887 de
1530 1844 1736 1911 regno
1789 1845 1946 1889 cum

189 1945 218 1993 ε
250 1926 667 2017 Leotychide
710 1924 921 1991 fratris
960 1924 1095 1989 filio
1146 1923 1380 1988 habuit
1433 1925 1944 1991 contentionem.

250 2032 415 2097 Mos
444 2032 531 2095 est
558 2030 737 2095 enim
784 2050 825 2093 a
859 2026 1211 2115 majoribus
1250 2028 1766 2093 Lacedaemoniis
1813 2044 1947 2095 tra-

251 2134 465 2214 ditus,
494 2144 571 2198 ut
598 2132 765 2197 duos
802 2132 1115 2197 haberent
1148 2130 1392 2218 semper
1436 2152 1648 2218 regeS,
1686 2134 1951 2197 nomine

249 2235 499 2323 magis,
528 2256 725 2321 quam
766 2233 1062 2320 imperi0,
1092 2254 1174 2298 ex
1202 2231 1456 2298 duabus
1483 2231 1743 2298 familiis
1791 2234 1949 2298 Pro-

253 2337 379 2402 elia
408 2347 477 2402 et
527 2333 961 2422 Eurysthenis,
993 2333 1109 2421 qui
1140 2332 1462 2419 principes
1513 2354 1596 2398 ex
1639 2334 1953 2418 progenie

168 2461 223 2494 ¹0
254 2439 573 2508 Herculis
600 2439 843 2523 Spartae
868 2457 1059 2523 reges
1084 2435 1372 2500 fuerunt.
1461 2436 1714 2515 Harum
1745 2457 1826 2498 ex
1851 2436 1952 2500 al-

253 2554 399 2608 tera
426 2540 497 2605 in
526 2531 789 2604 alterius
816 2535 1075 2601 familiae
1104 2536 1328 2602 locum
1357 2536 1489 2602 fieri
1513 2557 1646 2600 non
1678 2536 1950 2602 licebat:

254 2641 483 2728 itaque
509 2651 783 2727 uterque
816 2639 1001 2703 suum
1045 2636 1365 2702 retinebat
1409 2637 1728 2706 ordinem.
1818 2638 1954 2702 Pri-

258 2767 449 2810 mum
494 2742 659 2807 'ratio
704 2741 1088 2819 habebatur,
1117 2740 1235 2826 qui
1264 2741 1588 2806 maximus
1617 2755 1774 2820 natu
1801 2742 1958 2806 effet
2005 2773 2012 2778 ·

260 2867 345 2910 ex
372 2845 597 2910 liberis
626 2842 789 2929 ejuS,
822 2842 939 2929 qui
986 2861 1263 2928 regnans
1299 2841 1662 2908 deceffiss'et.
1753 2842 1869 2906 Sin
1900 2843 1958 2906 is

174 2970 227 3019 15
262 2947 517 3012 virilem
556 2946 771 3010 sexum
826 2965 957 3008 non
1008 2939 1378 3029 reliquisset,
1419 2956 1578 3008 tunc
1619 2943 1958 3029 deligebaa

261 3063 395 3129 tur,
426 3049 541 3136 qui
572 3047 906 3135 proximus
924 3043 1077 3110 effet
1102 3044 1602 3132 propinquitate.
1653 3046 1960 3110 Mortuus

263 3163 405 3216 erat
431 3149 603 3236 Agis
630 3169 763 3227 rex,
790 3146 985 3212 frater
1011 3144 1336 3232 Agefilai3
1385 3143 1590 3210 filium
1619 3145 1963 3234 reliquerat

266 3249 769 3338 Leotychidem,
824 3269 1021 3333 quem
1080 3245 1193 3310 ille
1232 3245 1434 3312 ‘vivus
1479 3267 1609 3312 non
1664 3262 1960 3334 agnorat‚

270 3351 553 3418 eundem
584 3349 869 3414 moriens
896 3348 1082 3413 suum
1112 3346 1235 3412 effe
1261 3346 1532 3414 dixerat.
1626 3351 1691 3413 Is
1721 3349 1806 3416 de
1837 3350 1964 3414 ho..

178 3483 241 3518 20
274 3475 431 3520 nore
459 3452 646 3538 regni
674 3473 823 3516 cum
856 3450 1151 3538 Agesilao
1174 3450 1289 3516 suo
1313 3463 1541 3537 patruo
1579 3452 1916 3517 contendit
1940 3477 1961 3531 3

276 3576 487 3641 neque
517 3553 609 3631 id,
640 3551 815 3638 quod
853 3552 1103 3638 petivit,
1132 3553 1511 3619 consecutus
1561 3553 1670 3618 est.
1760 3553 1962 3634 Nam,

273 3655 605 3744 Lysandro
656 3653 1063 3742 suffragante,
1112 3653 1404 3738 homine,
1452 3668 1528 3720 ut
1577 3654 1968 3722 ostendimus

1050 3777 1089 3820 ι·
1119 3775 1159 3844 3
1754 3759 1964 3847 supra,
