2587 4402
786 434 1265 495 nnuman..-
1733 438 1880 513 143,

176 576 239 629 et
282 564 361 631 C.
416 565 755 638 Aurelium
814 569 1129 637 consules.
1218 567 1350 637 His
1409 567 1588 635 enim
1619 570 1856 659 ‘magi-

178 668 475 749 stratibus,
508 670 715 757 legati
747 672 1308 761 Carthaginienses
1345 675 1622 739 Romam
1661 696 1858 741 vene-

174 782 333 850 runt,
378 772 494 858 qui
538 774 809 839 Senatui
852 775 1227 863 Populoque
1274 777 1574 841 Romano
1617 775 1892 863 gratiae.

177 886 451 958 agerent,
510 873 691 961 quod
746 898 901 942 cum
960 877 1067 942 his
1120 898 1350 965 pacem
1407 876 1716 957 fecissent,
1767 877 1858 943 ob

129 997 431 1064 seamque
480 999 621 1043 rem
672 1000 911 1045 corona
966 1000 1161 1044 aurea
1204 998 1317 1045 eos
1371 978 1716 1059 donarent,
1777 980 1856 1045 fi-

172 1078 425 1165 mulque
472 1091 789 1167 peterent,
838 1093 919 1147 ut
964 1081 1214 1149 obfides
1262 1102 1492 1150 eorum
1543 1082 1860 1171 Fregellis

174 1180 375 1261 effent,
404 1181 773 1272 captivique
800 1176 1243 1252 redderentur.
1319 1182 1446 1249 His
1471 1204 1554 1251 ex
1581 1184 1858 1252 Senatus

172 1283 447 1349 consulto
490 1284 853 1373 responsum
900 1287 1008 1367 est,
1040 1305 1279 1354 munus
1323 1303 1546 1351 eorum
1589 1297 1858 1372 gratum

170 1400 627 1474 acceptumque
656 1388 817 1468 effe3
861 1388 1135 1467 obfides,
1162 1408 1297 1475 quo
1345 1385 1494 1451 loco
1523 1399 1854 1473 rogarent,

106 1514 149 1553 ιο
172 1483 447 1569 futuros;
497 1489 785 1577 captivos
832 1497 961 1555 non
1010 1489 1399 1570 remiffuroe,
1441 1488 1620 1577 quod
1659 1489 1854 1553 Han-

173 1588 463 1669 nibalem,
496 1591 686 1679 cujus
724 1614 919 1679 opera
961 1591 1322 1679 susceptum
1366 1590 1618 1657 bellum
1663 1586 1856 1671 foret,

173 1689 661 1759 inimicissimum
714 1693 963 1759 nomini
1016 1696 1338 1773 Romano,
1369 1705 1440 1757 et
1483 1712 1658 1757 nunc
1702 1712 1858 1757 cum

173 1791 425 1880 imperio
452 1796 624 1881 apud
658 1797 1015 1863 exercitum
1043 1797 1384 1876 haberent,
1407 1796 1698 1881 itemque
1723 1792 1852 1859 fra·

174 1904 327 1961 trem
358 1896 499 1985 ejus
538 1900 928 1986 Magonem.
1016 1900 1171 1965 Hoc
1214 1896 1532 1987 responso,
1576 1894 1854 1963 Cartha-

110 2033 125 2065 ι
130 2031 151 2083 5
174 1995 499 2083 ginienses,
553 2001 851 2087 cognito,
898 2000 1336 2065 Hannibalem
1384 1999 1655 2065 domum
1697 1998 1852 2063 Ma·

177 2120 527 2188 gonemque
559 2113 963 2167 revocarunt.
1052 2101 1212 2181 Hic,
1242 2112 1322 2165 ut
1359 2098 1577 2179 rediit,
1613 2109 1854 2185 praetor

178 2199 364 2270 fafius
404 2205 517 2285 est,
548 2205 884 2294 postquam
926 2226 1043 2271 rex
1091 2203 1325 2284 hietat,
1353 2223 1524 2268 anno
1571 2198 1854 2266 secundo

176 2318 235 2370 et
284 2307 613 2397 vigefimo.
716 2309 813 2374 Ut
866 2307 1045 2372 enim
1104 2307 1332 2373 Romae
1399 2301 1716 2382 consules,
1767 2301 1854 2369 fic

182 2407 556 2499 Carthagine
604 2409 951 2498 quotannis
984 2407 1181 2474 annui
1229 2405 1369 2474 bini
1413 2427 1622 2494 reges,
1671 2425 1854 2470 crea

111 2541 157 2576 ιο
179 2513 409 2582 bantur.
500 2518 581 2580 In
641 2537 721 2582 eo
776 2514 1149 2604 magistratu
1205 2511 1346 2628 pari
1395 2509 1742 2598 diligentia
1788 2509 1854 2576 se

108 2617 490 2686 Hannibal
540 2615 843 2706 praebuit,
894 2636 971 2680 ac
1010 2613 1277 2680 fuerat
1258 2635 1330 2678 m
1365 2612 1563 2678 bello.
1639 2612 1854 2678 Nam-

178 2739 287 2805 que
307 2721 545 2802 effecit,
586 2743 669 2787 ex
712 2719 897 2786 novis
921 2716 1350 2805 veffigalibus
1379 2738 1511 2780 non
1541 2714 1745 2780 solum
1773 2728 1854 2780 ut

180 2824 314 2890 effet
338 2823 637 2912 pecunia,
678 2847 825 2912 quae
869 2821 1181 2888 Romanis
1210 2843 1296 2886 ex
1338 2818 1581 2884 foedere
1610 2817 1860 2904 pende-

181 2942 357 3010 retur,
386 2929 499 3008 sed
527 2929 725 2994 etiam
773 2923 1133 3013 superesset,
1160 2946 1308 3010 quae
1356 2923 1426 2986 in
1463 2921 1686 2986 aerario
1732 2942 1852 3007 po-

113 3061 159 3112 ²⁵
182 3047 440 3100 neretur.
519 3031 778 3098 Deinde
828 3051 999 3098 anno
1030 3029 1165 3115 post
1212 3039 1586 3115 praeturam,
1627 3027 1858 3090 Marco

184 3133 461 3218 Claudio,
530 3135 743 3202 Lucio
810 3131 1003 3198 Furio
1060 3130 1234 3198 Coff.
1299 3129 1577 3198 Romani
1651 3128 1858 3217 legati

184 3234 630 3328 Carthaginem
702 3247 1036 3304 venerunt.
1134 3235 1279 3300 Hos
1358 3231 1694 3298 Hannibal
1757 3230 1856 3296 sui

88 3359 99 3370 ·
182 3341 541 3427 exposcendi
592 3339 798 3429 gratia
841 3335 1053 3406 miffos
1096 3349 1296 3414 ratus,
1341 3334 1708 3423 priusquam
1748 3334 1856 3399 his

186 3437 433 3508 Senatus
478 3443 759 3522 daretur,
804 3462 1030 3506 navem
1080 3436 1455 3503 conscendit
1505 3438 1702 3518 clam,
1753 3449 1856 3502 at·-

117 3566 167 3614 30
187 3560 297 3626 que
329 3543 395 3608 in
442 3544 697 3632 Syriam
747 3542 829 3606 ad
856 3539 1266 3606 Antiochum
1318 3537 1632 3626 profugit.
1707 3539 1858 3604 Hac

186 3661 244 3704 re
286 3644 494 3732 palam
540 3643 730 3725 faeta,
778 3641 963 3710 Poeni
1011 3661 1209 3709 naves
1265 3640 1452 3721 duaa,
1499 3661 1646 3728 quae
1701 3659 1860 3704 eum

1559 3760 1824 3828 compre
1841 3782 1861 3791 -
