2587 4402
1085 1113 1213 1224 Ill.

782 1331 1514 1408 ARISTIDES.
1619 1269 1630 1274 ·

302 1613 359 1678 1.
388 1587 893 1680 Ams'rmns
936 1593 1304 1701 Lysimaehi
1328 1614 1528 1696 finus,
1555 1615 1996 1697 Athamanas,

300 1718 562 1807 nequalia
593 1717 730 1784 fere
770 1716 899 1782 fuit
924 1717 1369 1786 Themistocli.
1460 1722 1694 1808 Itaque
1719 1743 1876 1788 cum
1911 1745 1998 1788 eo

298 1821 377 1886 de
405 1820 773 1908 principatu
798 1821 1181 1900 contendit3
1232 1843 1516 1911 namque
1559 1823 1998 1890 obtrestamnt

304 1925 466 1990 inter
510 1925 599 1990 se.
688 1925 767 1988 In
816 1924 919 1990 his
968 1937 1189 1992 autem
1228 1928 1574 2016 cognitum
1611 1930 1697 1994 est
1749 1941 1998 2018 quanto

254 2054 277 2105 5
304 2027 619 2094 antistaret
662 2025 1041 2114 eloquentia
1094 2027 1508 2096 innocentiae.
1599 2033 1996 2120 Quanquam
2083 2063 2090 2068 ·

304 2131 469 2194 enim
514 2129 683 2196 adeo
724 2127 1084 2203 excellebat
1116 2129 1426 2199 Aristides
1473 2131 1872 2213 abstinentia,
1919 2149 2000 2200 ut

279 2254 465 2299 unus
508 2234 647 2321 post
672 2231 1019 2300 hominum
1068 2234 1476 2315 memoriam,
1507 2235 1688 2322 quod
1729 2234 2000 2324 quidem

304 2362 417 2403 nos
444 2338 905 2417 audiverimus,
932 2338 1332 2427 cognomine
1357 2342 1399 2405 J
1402 2339 1570 2405 ustus
1603 2338 1676 2403 fit
1706 2324 1995 2427 appella-

303 2456 444 2522 tus;
492 2453 709 2507 tamen
740 2462 779 2505 a
804 2438 1241 2507 Themistocle
1268 2440 1728 2507 collabefactus
1772 2441 2001 2507 testula

228 2578 277 2612 ιο
303 2544 437 2623 illa,
468 2542 669 2609 exilio
706 2541 937 2607 decem
964 2561 1281 2609 annorum
1314 2542 1626 2609 multatus
1656 2542 1767 2607 est.
1859 2542 1998 2609 Qui

302 2646 591 2733 quidem,
638 2666 789 2709 cum
846 2642 1248 2731 intelligeret
1293 2643 1554 2729 reprimi
1609 2643 1999 2711 concitatam

303 2746 791 2813 multitudinem
818 2767 947 2810 non
978 2745 1175 2831 poffe,
1204 2744 1566 2833 cedensque
1593 2745 1998 2814 animdvet-

303 2838 820 2939 teret'quendam
848 2847 1258 2930 scribentem,
1280 2860 1360 2913 ut
1394 2850 1600 2936 patria
1627 2847 1998 2935 pelleretur,

303 2953 579 3042 quaefiffe
621 2952 705 3017 ab
752 2972 834 3017 eo
886 2952 1148 3032 dicitur,
1190 2974 1389 3041 quare
1443 2950 1514 3017 id
1571 2950 1836 3031 faceret,
1885 2963 2002 3017 aut
2125 2978 2130 2987 ·

228 3088 276 3138 ¹5
304 3055 459 3145 quid
498 3053 813 3121 Aristides
862 3053 1291 3133 commififfet,
1316 3076 1436 3118 cur
1462 3064 1642 3117 tanta
1670 3074 1864 3141 poena
1892 3052 1998 3121 di·-

300 3182 485 3247 gnue
498 3157 889 3223 duceretur?
942 3156 1071 3221 Cui
1098 3154 1209 3219 ille
1238 3153 1590 3243 respondit,
1613 3152 1676 3221 se
1705 3155 2001 3245 ignorare

274 3260 669 3339 -Aristidem,
700 3257 811 3323 sed
854 3257 967 3323 fibi
998 3280 1128 3323 non
1171 3257 1447 3345 placere,
1475 3258 1653 3346 quod
1698 3270 1834 3327 tam
1876 3280 1996 3323 cu·-

302 3363 449 3450 pide
492 3360 887 3438 elaboraffet,
934 3372 1009 3425 ut
1050 3372 1279 3447 praeter
1323 3373 1594 3427 caeteros
1617 3361 1826 3449 justus
1879 3382 1998 3447 ap-

278 3464 671 3551 pellaretur.
760 3461 895 3527 Hic
958 3460 1187 3527 decem
1256 3450 1574 3527 annorum
1633 3460 2001 3548 legitimam

234 3607 285 3641 20
309 3588 561 3653 poenam
602 3586 735 3629 non
778 3563 1069 3651 pertulit.
1156 3564 1336 3629 Nam
1388 3564 1718 3651 postquam
1751 3563 2004 3631 Xerxes

284 3668 371 3735 -in
425 3666 751 3734 Graeciam
800 3663 1153 3745 descendit,
1204 3665 1386 3731 sexto
1429 3664 1564 3731 fere
1607 3686 1778 3747 anno
1827 3666 1998 3753 post-

1805 3788 2004 3854 quam
