2587 4402
604 390 730 457 116
1249 408 1650 459 numeneus

600 539 717 619 tia,
748 550 825 605 ut
852 537 1075 603 omnia
1112 539 1414 624 perdant,
1443 560 1660 627 neque
1701 537 1922 603 minus
1965 556 2105 617 eos,
2149 556 2302 605 cum

603 641 845 727 quibus
875 639 1180 717 steterint,
1212 663 1412 727 quam
1457 640 1756 707 adversus
1783 660 1952 725 quos
1997 639 2302 705 fecerint.

606 742 810 807 Quod
834 742 876 805 fi
908 740 1055 827 quis
1084 740 1344 805 illorum
1391 754 1841 807 veteranorum
1889 739 2074 826 legat
2103 739 2302 831 facta,

602 845 785 932 paria
811 845 1045 910 horum
1076 846 1426 931 cognoscat
1452 870 1470 924 3
1509 866 1722 931 neque
1753 866 1888 913 rem
1919 840 2155 923 ullam,
2183 832 2307 909 'nifi

604 959 889 1032 tempus,
922 946 1211 1011 intereffe
1231 946 1512 1034 judicet.
1603 947 1732 1013 Sed
1781 947 1866 1013 ad
1909 946 2055 1009 illos
2084 967 2304 1009 rever·
2339 955 2379 1009 ⁵

602 1062 727 1115 tar.
818 1049 1117 1113 Hiberna
1158 1048 1554 1135 sumpserant
1601 1070 1732 1113 non
1779 1047 1864 1113 ad
1891 1048 2080 1113 usum
2119 1044 2307 1126 belli,

602 1151 713 1217 sed
742 1150 823 1214 ad
853 1149 1131 1237 ipsorum
1158 1149 1508 1229 luxuriam,
1533 1149 1860 1236 longeque
1883 1148 2052 1213 inter
2077 1147 2140 1211 se
2175 1147 2308 1212 dis-

606 1254 938 1319 cefferant.
1028 1254 1183 1318 Hoc
1227 1252 1608 1341 Antigonus
1661 1274 1815 1317 cum
1873 1251 2310 1338 comperiss'et‚

605 1353 1129 1441 intelligeretque
1157 1352 1221 1417 se
1248 1375 1466 1438 parem
1499 1375 1630 1417 non
1661 1354 1784 1417 effe
1807 1352 2042 1438 paratis
2075 1351 2310 1415 adver-⁹

481 1502 489 1511 -
605 1454 806 1535 saniz,
838 1454 1053 1519 statuit
1080 1453 1330 1539 aliquid
1359 1454 1470 1519 fibi
1503 1453 1744 1519 confilii
1779 1453 1932 1517 novi
1963 1452 2090 1516 effe
2121 1454 2310 1539 capi·
2349 1474 2416 1509 ιο

605 1558 872 1625 endum.
962 1558 1133 1621 Duae
1178 1568 1360 1621 erant
1409 1556 1554 1637 viae‘,
1585 1580 1720 1647 qua
1767 1578 1848 1621 ex
1893 1554 2140 1636 Medis,
2191 1556 2314 1621 ubi

605 1658 719 1723 ille
776 1658 1134 1736 hiemabat,
1192 1658 1277 1723 ad
1331 1657 1838 1725 adversariorum·
1877 1658 2317 1725 hibernacula

607 1760 811 1847 poffet
836 1760 1175 1847 perveniri.
1266 1762 1570 1827 Quarum
1598 1760 1850 1830 brevior
1873 1782 1984 1847 per
2005 1759 2156 1825 loca
2185 1760 2311 1827 de-

607 1862 791 1940 serta,
820 1882 971 1947 quae
1016 1883 1209 1925 nemo
1260 1860 1584 1928 incolebat
1627 1872 1888 1949 'propter
1933 1872 2122 1947 ‘aquae
2155 1862 2311 1927 ino-

606 1965 783 2050 piam
808 1988 827 2043 3
874 1976 1183 2029 caeterum
1210 1963 1460 2029 dierum
1509 1978 1648 2029 erat
1675 1964 1808 2029 sere
1833 1964 2084 2029 decem.
2181 1966 2315 2031 Illa
2351 1976 2410 2029 15

607 2078 855 2145 autem,
908 2087 1039 2152 qua
1080 2086 1309 2129 omnes
1355 2066 1836 2144 commeabant,
1868 2064 2070 2129 altero
2115 2075 2310 2131 tanto

607 2166 975 2255 longiorem
998 2166 1277 2234 habebat
1305 2165 1698 2238 anfractum·
1679 2213 1700 2248 ‚
1732 2166 1842 2233 sed
1863 2177 2004 2231 erat
2023 2166 2313 2253 copiosa,

608 2269 1033 2356 omniumque
1061 2291 1277 2354 rerum
1307 2268 1663 2335 abundans,
1754 2270 1904 2332 Hae
1945 2269 1988 2332 fi
2019 2269 2309 2354 proficis-

610 2389 886 2451 ceretur,
918 2349 1332 2457 intelligebat
1352 2370 1530 2457 prius
1549 2369 1934 2437 adversarios
1960 2369 2314 2436 rescituros

610 2474 694 2540 de
722 2475 837 2538 suo
864 2473 1169 2553 adventu,
1200 2495 1400 2561 quam
1431 2472 1560 2560 ipse
1583 2474 1841 2538 tertiam
1869 2485 2114 2560 partem
2137 2492 2303 2539 con-
2344 2499 2409 2534 ιο

608 2574 849 2640 feeifl'et
888 2573 1175 2652 itineris3
1222 2575 1312 2638 fin
1339 2587 1454 2661 'per
1495 2575 1640 2641 loca
1680 2575 1814 2640 sola
1853 2574 2306 2658 contenderet,

608 2679 898 2765 sperabat
925 2677 987 2741 se
1030 2675 1502 2762 imprudentem
1546 2677 1789 2744 hostem
1833 2678 2306 2765 oppressurum.

609 2779 723 2844 Ad
776 2779 947 2850 hanc
990 2799 1125 2841 rem
1180 2777 1648 2842 conficiendam
1705 2778 2044 2864 imperavit
2101 2801 2308 2865 quam

608 2875 923 2966 plurimos
952 2891 1151 2956 utreS,
1185 2889 1382 2964 atque
1413 2879 1610 2943 etiam
1633 2879 1880 2945 culleos
1909 2881 2300 2966 comparari3

606 2983 745 3066 post
787 2981 929 3048 hae'c
958 2979 1265 3066 pabulum
1292 3002 1310 3041 ε
1357 2990 1664 3064 praeterea
1697 2980 1942 3045 cibaria
1969 2981 2156 3046 cocta
2183 2980 2298 3046 de·
2336 3013 2400 3066 25

612 3101 757 3146 cem
790 3080 1065 3160 dierum,
1094 3094 1306 3168 utque
1333 3101 1536 3168 quam
1585 3081 1854 3148 minime
1900 3083 2082 3146 fieret
2127 3083 2302 3170 ignis
2393 3107 2400 3116 ·

608 3182 680 3248 in
710 3180 946 3247 castr-ie.
1038 3184 1194 3261 Iter,
1224 3181 1402 3268 quod
1430 3181 1738 3262 habebat,
1765 3205 1994 3248 omnes
2019 3183 2215 3250 celat.

697 3285 822 3348 IX.
868 3283 977 3346 Sic
1018 3296 1285 3369 paratus
1327 3307 1462 3371 qua
1509 3286 1920 3350 constituerat
1951 3285 2300 3371 proficisci-

606 3397 738 3450 tur.
826 3383 1195 3450 Dimidium
1230 3383 1366 3449 fere
1391 3385 1664 3470 spatium
1699 3384 2086 3465 confecerat,
2123 3408 2300 3466 cum,

608 3507 691 3554 ex
730 3485 916 3552 fumo
954 3487 1300 3550 castrorum
1329 3486 1492 3574 eju&
1539 3485 1806 3572 suspicio
1850 3488 2056 3552 alla-ta
2087 3489 2176 3552 est
2213 3474 2301 3553 'ad
2336 3531 2396 3580 30

608 3585 978 3652 Eumenem
1008 3586 1249 3652 hostem
1282 3587 1815 3677 appropinquare.
1887 3589 2304 3657 Conveniunt

2073 3691 2303 3776 duceS,
