2587 4402
1029 494 1324 551 conon.
1927 497 2011 571 53

327 631 530 713 Nam,
561 638 714 698 cum
757 634 1256 713 Iacedaemonii,
1293 630 1789 699 Athenienfibus
1830 633 2016 699 devi‹

327 730 474 810 aie,
505 732 574 796 in
605 732 906 801 societate
935 756 1066 801 non
1095 746 1447 815 manerent,
1478 756 1673 821 quam
1702 756 1851 799 cum
1883 738 2016 801 Ar-

325 838 590 897 taxerxe
617 833 920 915 fecerant,
947 835 1445 927 Agesilaumque
1474 835 1789 901 bellatum
1818 836 2013 902 mifisa

323 932 465 997 fent
507 934 574 997 in
617 934 858 1014 Afiam,
889 936 1170 999 max-ime
1213 936 1459 1022 impulsi
1504 957 1543 1000 a
1583 934 2013 1023 Tissapherne,

261 1040 290 1097 Β
327 1032 444 1118 qui
470 1054 556 1097 ex
581 1033 832 1100 intimis
861 1036 1058 1123 Regis
1079 1038 1162 1101 ab
1188 1032 1472 1101 amicitia
1502 1035 1641 1123 eju's
1669 1036 2012 1118 defecerat,

323 1144 394 1197 et
422 1155 575 1197 cum
605 1134 1124 1201 Lacedaemoniis·
1145 1137 1387 1201 coierat
1412 1136 1808 1218 societatem,
1837 1138 2015 1205 hunc

325 1234 626 1301 adversus
669 1237 1116 1303 Pharnabazus
1163 1238 1427 1303 habitus
1484 1240 1571 1303 est
1621 1239 2009 1325 imperator-3

323 1360 394 1403 re
423 1340 692 1427 quidem
734 1358 881 1405 vera
919 1340 1228 1406 exercitui
1269 1340 1530 1429 praefuit
1556 1340 1812 1422 Conon,
1842 1344 2013 1430 ejus-

322 1461 455 1525 que
505 1440 726 1505 omnia
774 1442 1036 1506 arbitrio
1083 1442 1258 1529 gesta
1303 1442 1473 1507 sunt.
1560 1440 1694 1506 Hic
1726 1443 2011 1508 multum

231 1560 290 1596 ιο
323 1540 563 1607 ducem
592 1543 914 1607 summum
936 1539 1311 1641 Agesilaum
1340 1538 1703 1631 impedivit,
1722 1544 2013 1633 saepeque'

319 1642 466 1732 ejus
515 1645 792 1711 confiliis
849 1643 1114 1711 obstitit.
1195 1626 1448 1733 Neque
1502 1668 1661 1711 vero
1704 1669 1833 1712 non
1884 1648 2013 1714 fuit

319 1758 644 1831 apertum,
691 1746 732 1810 fi
777 1748 890 1811 ille
932 1769 1062 1812 non
1105 1744 1337 1828 suiffet,
1381 1746 1749 1835 Agesilaum
1794 1748 2013 1815 Afiam‘

319 1840 538 1913 Tauro
565 1858 758 1913 tenus
790 1848 1168 1935 Regi'fuiffe
1199 1840 1591 1935 erepturum.
1618 1842 1627 1849 ’
1674 1850 1811 1916 Qui
1839 1852 2008 1937 post-

321 1969 596 2034 eaquam
641 1946 916 2013 domurn
965 1972 1006 2013 a
1050 1948 1178 2014 fiais
1227 1948 1479 2013 civibus
1518 1962 1853 2015 revocatus
1894 1942 2005 2031 est,

234 2067 290 2123 15
323 2050 505 2138 quod
531 2050 766 2116 Boeotii
795 2062 862 2115 et
883 2050 1307 2116 Athenienses
1332 2046 2007 2133 hcedaemoniisgb'el-

318 2152 885 2235 lumi-ndixerant3
919 2152 1152 2219 Conon
1179 2152 1389 2219 nihilo
1408 2151 1611 2219 secius
1640 2154 1811 2240 apud
1840 2175 2009 2242 praeo‘

319 2252 526 2319 feaoe
569 2255 778 2341 Regia
814 2247 1198 2334 versabatur,
1237 2252 1467 2342 hisque
1506 2254 1813 2319 omnibus
1865 2273 2011 2320 ma-⁴

321 2354 504 2419 ximo
531 2367 674 2419 etat
699 2354 862 2418 usui.
917 2413 922 2418 .

411 2457 540 2518 1-11.
571 2454 918 2521 Defecerat
945 2479 983 2521 a
1012 2457 1192 2543 Rege
1219 2455 1678 2544 Tifl'aphernes,
1702 2455 1911 2545 neque
1940 2459 2011 2524 id·

228 2575 291 2612 ιο
322 2567 458 2622 tam
515 2557 876 2636 Artaxerxi,
938 2578 1134 2645 quam
1191 2560 1441 2624 caeteris
1500 2572 1637 2624 erat
1691 2573 2006 2645 apertum.

321 2657 564 2722 Multis
601 2658 776 2722 enim
813 2657 1191 2744 magnisque
1223 2660 1475 2724 meritis
1516 2661 1683 2748 apud
1726 2663 1998 2749 Regem,

321 2757 524 2822 etiam
581 2780 731 2822 cum
789 2759 860 2822 in
911 2759 1126 2823 officio
1179 2781 1311 2824 non
1366 2775 1675 2842 maneret,
1729 2755 2005 2831 x'ralebat.

318 2857 558 2944 Neque
590 2859 662 2924 id
696 2859 1090 2939 mirandum,
1129 2859 1168 2922 fi
1209 2883 1343 2926 non
1378 2860 1569 2926 facile
1610 2863 1691 2926 ad
1735 2863 2005 2928 creden-

319 2957 484 3024 dum
543 2957 989 3039 inducebatur,
1041 2960 1453 3026 reminiscens
1504 2963 1644 3048 ejus
1702 2961 1764 3026 se
1818 2984 2011 3050 opera

222 3086 292 3137 ας
324 3060 576 3147 Cyrum
649 3059 910 3124 fratrem
979 3059 1305 3164 superaffe.
1393 3061 1610 3149 Hujus
1667 3063 2015 3130 accusandi

317 3160 534 3248 gratia
571 3161 800 3225 Conon
841 3181 880 3223 a
915 3159 1323 3226 Pharnabazo
1360 3161 1441 3226 ad
1482 3165 1731 3252 Regem
1764 3165 2005 3246 miffus,

319 3263 724 3350 posteaquam
768 3261 971 3342 venit,
1018 3263 1293 3349 primum
1339 3287 1419 3328 ex
1460 3289 1639 3331 more
1686 3267 2014 3332 Persarum·

319 3365 404 3428 ad
433 3363 880 3442 chiliarchum,
910 3363 1025 3452 qui
1053 3365 1400 3430 secundum
1436 3367 1713 3454 gradum
1755 3367 2017 3454 imperii·

320 3465 613 3544 tenebat,
669 3463 1102 3530 Tithraustem
1159 3467 1433 3547 acceffit,
1488 3469 1677 3556 seque
1736 3468 2012 3534 ostendit

227 3587 292 3635 3⁹
322 3589 477 3632 cum
509 3567 690 3654 Rege
722 3555 1008 3654 cclloqui
1041 3566 1226 3632 velle.
1270 3571 1495 3634 Nemo
1520 3571 1693 3634 enim
1726 3569 1851 3634 fine
1879 3571 2011 3638 hoc

321 3665 716 3732 admittitur.
799 3667 978 3733 Huic
1007 3665 1141 3750 ille,
1173 3667 1397 3750 Nulla,
1428 3669 1669 3758 inquit,
1700 3695 1863 3737 mora
1894 3671 2007 3758 fst;

1149 3789 1268 3860 1³3
1887 3774 2014 3860 fid
