2587 4402
784 478 795 489 .
862 444 1302 503 nummu.
1689 500 1700 509 ‚
1801 447 1962 513 141?

222 589 338 662 tur
377 577 747 661 oculorum,
789 589 869 645 ut
906 580 1119 667 postea
1158 574 1490 667 nunquam
1525 577 1792 647 dextero
1833 604 1926 649 ε·

227 704 361 769 que
390 683 561 759 bene
595 682 748 747 usus
790 682 861 747 fit
888 706 905 747 ε
952 704 1083 768 qua
1125 680 1494 747 valetudine
1533 702 1688 747 cum
1727 683 1930 749 etiam

225 796 377 853 tum
404 795 826 871 premeretur,
862 783 1221 871 leeticaque,
1248 781 1544 863 ferretur,
1577 782 1660 849 C.
1691 782 1928 849 Flami-

224 885 417 949 nium
450 884 603 950 Cos.
638 885 815 971 apud
837 884 1281 949 Trasimenum
1311 871 1463 949 cum
1493 883 1785 951 exercitu
1821 883 1931 949 in·

138 1004 165 1059 ς
202 987 405 1071 ,fidiis
438 986 958 1053 circumventum
990 983 1281 1051 occiditz.
1313 1006 1524 1072 neque
1551 984 1766 1051 multo
1794 986 1936 1072 post

228 1089 310 1156 C.
355 1087 767 1152 'Centenium
826 1097 1169 1173 praetorem
1220 1106 1372 1151 eum
1427 1084 1680 1161 delecta
1733 1108 1936 1153 manu

114 1200 121 1207 ‘
224 1190 427 1269 saltus
474 1201 927 1277 occupantem.
1016 1188 1196 1253 Hinc
1242 1188 1314 1264 in
1352 1187 1660 1273 Apuliam
1705 1210 1932 1275 perve-

228 1293 379 1357 nit:
459 1291 551 1357 ibi
610 1290 871 1357 obviam
926 1289 991 1357 ei
1048 1302 1367 1357 venerunt
1423 1290 1558 1355 duo
1615 1289 1936 1372 consules,

230 1394 314 1459 C.
367 1392 719 1479 Terentius
770 1392 1003 1473 Varm,
1052 1405 1121 1457 et
1173 1393 1255 1457 L.
1305 1390 1562 1459 Paullus
1599 1392 1932 1458 AEmiliue.

142 1526 199 1561 ιο
231 1496 595 1583 Utriusque
646 1494 979 1559 exercitus.
1025 1515 1161 1559 uno
1216 1492 1440 1581 praelio
1486 1492 1782 1581 fugavit:
1851 1496 1934 1563 L.

236 1598 539 1664 Paullum
602 1595 933 1679 consulem
995 1594 1261 1677 occidit,
1323 1606 1392 1659 et
1457 1592 1708 1681 aliquot
1769 1616 1936 1681 prae·

235 1714 414 1784 terea
444 1698 805 1765 consulares
834 1722 853 1761 2
900 1698 968 1763 in
1007 1696 1113 1761 his
1161 1697 1289 1775 Cn.
1321 1693 1669 1769 Servilium
1695 1683 1936 1761 ⁷Gemi--

236 1824 422 1881 num,
454 1801 571 1888 qui
602 1822 776 1865 anno
806 1798 1127 1886 superiore
1157 1795 1368 1861 fuerat
1394 1784 1664 1861 consuls

323 1906 417 1969 V.
465 1906 613 1967 Hac
660 1924 883 1991 pugna
934 1911 1245 1987 pugnata,
1288 1898 1564 1999 Romam
1615 1898 1940 1985 profectus

150 2028 205 2083 15
240 2007 327 2073 est
356 2004 544 2091 nullo
571 2004 909 2070 resistente.
1002 2002 1078 2065 In
1123 1992 1506 2087 propinquis
1535 2001 1716 2067 urbis
1747 2023 1938 2067 mon-

194 2109 419 2175 tibus
448 2117 738 2173 moratus
764 2104 879 2171 est.
958 2102 1135 2167 Cum
1180 2100 1428 2185 aliquot
1455 2100 1549 2165 ibi
1579 2101 1722 2165 dies
1745 2088 1947 2170 castra.

235 2186 581 2290 habuisset,
593 2221 692 2274 et
748 2214 1169 2272 reverteretur
1218 2200 1534 2288 Capuam,
1580 2203 1669 2268 Q.
1710 2204 1942 2270 Fabius

236 2313 579 2401 Maximus
604 2309 889 2376 diCtator
930 2308 1121 2372 Rom.
1164 2304 1231 2368 in
1278 2324 1442 2391 agro
1473 2303 1742 2384 Falerno
1779 2305 1844 2370 se
1879 2303 1943 2370 ei

236 2414 513 2504 objecit.
604 2411 764 2491 Hic,
796 2407 1042 2474 clausus
1068 2405 1364 2472 locorum
1385 2405 1716 2493 angustiiS,
1747 2405 1952 2482 noan,

149 2552 208 2588 20
242 2515 375 2598 fine
412 2514 565 2582 ullo
620 2511 1015 2594 detrimento
1070 2507 1392 2572 exercitus
1449 2507 1513 2572 se
1565 2507 1950 2595 expedivit.

240 2617 446 2683 Fabio
526 2611 951 2698 callidiffimo.
1010 2607 1387 2695 imperatori
1464 2607 1649 2677 dedit
1729 2611 1945 2678 verba.

238 2721 578 2803 Namque,
626 2689 915 2780 obducta
962 2709 1178 2793 nocie,
1232 2711 1546 2776 sarmenta
1597 2711 1668 2776 in
1723 2712 1946 2778 corni-

240 2822 367 2886 bus
411 2818 867 2906 jumentorum
933 2811 1223 2898 deligata
1272 2811 1610 2892 incendit,
1661 2812 1946 2900 ejusde-m

244 2919 509 3010 generis
540 2914 1029 3004 multitudinem
1060 2933 1370 2998 magnam
1407 2911 1832 2998 dispalatam
1814 2936 1946 2978 xm-

157 3063 213 3116 25
209 3024 445 3090 misit.
500 3024 657 3104 Quo
687 3015 1021 3105 repentino
1052 3013 1314 3104 objectu
1343 3014 1496 3096 vise,
1530 3027 1784 3080 tantum
1815 3029 1946 3082 ter-

248 3148 463 3192 rorem
510 3121 735 3210 injecit
776 3114 1083 3182 exercitui
1117 3116 1584 3198 Romanorum,
1607 3123 1692 3180 ut
1723 3115 1950 3206 egredi

249 3238 435 3292 extra
462 3223 701 3314 vallum
743 3238 938 3284 nemo
974 3216 1048 3278 fit
1085 3213 1298 3278 ausus.
1389 3215 1579 3280 Hanc
1631 3218 1768 3302 post
1811 3238 1970 3285 rem·

248 3305 495 3416 gestam
543 3345 675 3388 non
722 3321 817 3384 ita
867 3315 1090 3382 multis
1147 3313 1379 3379 diebus
1429 3316 1533 3379 M.
1583 3318 1952 3385 Minutium

210 3428 507 3524 Rufum
545 3424 917 3512 magistrum
946 3418 1243 3506 equitum
1282 3417 1415 3502 pari
1454 3439 1528 3482 ac
1570 3419 1954 3488 diciatorem

164 3573 225 3620 30
258 3517 557 3618 imperio,
589 3525 744 3590 dolo
772 3518 1209 3610 Ρθτάυὸὶυω
1190 3541 1259 3582 111
1307 3519 1626 3604 praelium,
1659 3520 1950 3608 fugavit.

254 3633 345 3698 Τ.
398 3626 861 3718 Sempronium
912 3618 1311 3734 Gracchum
1331 3620 1578 3708 iterum
1627 3622 1956 3724 consulem

1883 3724 1952 3788 in
