2587 4402
612 483 623 491 .
664 438 791 507 170
1330 447 1692 493 ATTICUS.

660 575 803 639 nitu
854 575 1064 640 Caesar
1112 598 1253 639 eam
1299 575 1708 641 reficiendam
1753 588 2028 643 curaret.
2117 580 2358 668 Neque

657 698 809 742 vero
836 701 874 743 a
903 680 1006 744 M.
1032 678 1330 743 Antonio
1357 678 1574 744 minus
1601 679 1822 745 absens
1849 678 2052 744 literis
2095 681 2356 747 coleba-

657 792 763 843 tur
819 780 1006 859 ade0,
1056 790 1135 845 ut
1190 790 1487 845 accurate
1539 780 1651 845 ille
1705 802 1786 871 εξ
1834 780 2087 847 ultimis
2141 784 2355 865 terrie,

656 880 815 967 quid
845 892 1093 969 ageret,
1128 881 1287 968 quid
1327 904 1498 945 curae
1538 881 1652 949 fibi
1690 882 1980 963 haberet,
2014 883 2354 951 certiorem

653 983 891 1049 faceret
919 985 1243 1050 Atticum.
1335 986 1488 1049 Hoc
1509 985 1702 1071 quale
1732 986 1806 1050 fit
1848 984 2102 1052 facilius
2135 989 2351 1055 existi·
2385 1013 2414 1061 ς

652 1088 859 1152 mabit
887 1088 966 1167 is,
996 1086 1111 1173 qui
1130 1087 1429 1174 judicare
1449 1087 1684 1174 poterit
1709 1100 1968 1173 quantae
1998 1087 2072 1169 {it
2101 1089 2350 1177 sapien-

651 1187 761 1251 tiae
820 1210 1047 1253 eorum
1100 1189 1380 1253 retinere
1426 1188 1610 1253 usum
1669 1188 2347 1279 benevolentiamque,

648 1291 817 1357 inter
845 1313 1009 1379 quos
1038 1292 1464 1356 maximarum
1493 1313 1712 1357 rerum
1739 1313 1870 1357 non
1899 1291 2105 1357 solum
2139 1317 2346 1361 aemu-

646 1394 830 1475 latio,
862 1393 967 1459 sed
998 1394 1385 1459 obtrectatio
1413 1405 1594 1457 tanta
1639 1393 2102 1476 intercedebat,
2135 1419 2343 1483 quan-

646 1510 777 1561 tam
810 1497 937 1563 fuit
979 1497 1263 1562 incidere
1309 1496 1554 1561 necefl'e
1594 1498 1766 1563 inter
1795 1497 2114 1563 Caesarem
2143 1512 2346 1589 atque
2384 1530 2436 1564 ιο

643 1600 1034 1680 Antonium,
1070 1622 1217 1664 cum
1272 1598 1336 1663 se
1363 1609 1638 1686 uterque
1675 1599 2034 1687 principem
2079 1624 2212 1669 non
2241 1604 2342 1669 so-

626 1704 780 1793 ,lum
811 1704 992 1769 urbis
1025 1706 1356 1783 Romanae,
1387 1701 1495 1767 sed
1523 1702 1696 1768 orbis
1725 1714 2034 1769 terrarum
2064 1704 2187 1770 effe
2219 1730 2340 1772 cu-

638 1818 843 1893 peret.

728 1911 919 1975 XXI.
964 1908 1109 1974 Tali
1141 1908 1342 1973 modo
1376 1930 1528 1973 cum
1556 1906 1798 1995 septem
1829 1918 1898 1972 et
1935 1909 2343 1999 septuaginta

638 2034 839 2079 annos
868 2012 1256 2100 complesset,
1290 2026 1488 2098 atque
1517 2011 1599 2075 ad
1641 2024 1996 2075 extremam
2038 2012 2337 2081 senectu-
2378 2033 2426 2085 ¹5

636 2128 771 2180 tem
806 2138 939 2181 non
982 2115 1203 2201 minus
1238 2114 1585 2200 dignitate,
1625 2134 1828 2200 quam
1873 2112 2083 2201 gratia
2123 2115 2336 2181 fortu-

635 2239 849 2307 naque
878 2218 1188 2299 crevisset,
1218 2216 1484 2302 (multas
1505 2216 1678 2280 enim
1711 2216 2120 2284 haereditates
2148 2222 2340 2288 nulla

632 2321 756 2386 alia
783 2343 874 2402 re,
906 2343 1100 2407 quam
1126 2319 1423 2384 bonitate
1450 2319 1536 2383 est
1581 2317 1986 2400 consecutuS,
2015 2333 2334 2410 tantaque

630 2423 1043 2511 prosperitate
1072 2422 1220 2487 usus
1249 2420 1401 2486 effet
1437 2419 1853 2499 valetudinis,
1883 2435 1960 2486 ut
1987 2423 2172 2488 annis
2209 2424 2332 2489 tri-

629 2526 816 2614 ginta
871 2525 1193 2591 medicina
1254 2546 1384 2587 non
1459 2520 1856 2608 indiguisset)
1937 2523 2168 2588 nactus
2243 2529 2334 2592 est
2368 2544 2424 2579 2⁰

629 2629 958 2706 morbum,
1002 2649 1199 2715 quem
1242 2624 1432 2689 initio
1473 2637 1544 2688 et
1585 2623 1717 2710 ipse
1761 2637 1830 2688 et
1873 2625 2112 2690 medici
2163 2651 2330 2694 con-

626 2730 1040 2816 tempserunt.
1088 2731 1265 2794 Nam
1297 2738 1606 2814 putarunt
1638 2726 1760 2790 effe
1789 2727 2124 2794 tenesmon
2149 2755 2170 2794 ε
2221 2734 2332 2798 cui

623 2833 909 2898 remedia
950 2831 1185 2896 celeria
1228 2829 1572 2916 faciliaque
1600 2831 2152 2916 proponebantur.
2245 2836 2327 2900 In

622 2935 774 3014 hoc,
808 2957 959 3000 cum
989 2946 1119 2999 tres
1148 2930 1396 2996 menses
1425 2932 1554 2996 fine
1581 2931 1732 2996 ullis
1760 2925 2120 3016 doloribus,
2149 2958 2324 3022 prae..

622 3053 915 3126 terquam
965 3060 1129 3126 quos
1172 3057 1255 3100 ex
1295 3036 1624 3101 curatione
1670 3036 1985 3123 capiebat,
2015 3039 2326 3107 consum·
2361 3045 2418 3098 2⁵

622 3141 849 3230 pfiffet,
911 3141 1123 3206 subito
1166 3151 1352 3204 tanta
1410 3137 1502 3202 vis
1566 3138 1776 3203 morbi
1826 3139 1894 3202 in
1947 3155 2154 3206 unum
2215 3143 2322 3240 ip-

622 3245 921 3309 testinum
977 3241 1287 3329 prorupit,
1347 3253 1426 3304 ut
1496 3252 1784 3304 extremo
1841 3252 2134 3328 tempore
2204 3267 2344 3332 per·

620 3345 884 3410 lumbos
954 3344 1155 3408 fistula
1224 3342 1432 3429 putris
1502 3342 1806 3427 eruperit.
1894 3342 2124 3430 Atque
2187 3345 2322 3412 hoc

621 3447 987 3537 priusquam
1041 3448 1102 3512 ei
1159 3445 1502 3525 accideret,
1547 3445 1880 3531 postquam
1934 3445 2145 3510 indies
2191 3448 2319 3514 do-

619 3552 787 3616 lores
856 3551 1213 3616 accrescere
1288 3546 1666 3632 febremque
1729 3546 2034 3612 acceffifl'e
2107 3551 2316 3631 senfit,
2351 3565 2412 3611 3⁰

1947 3647 2314 3740 Agrippam
