2587 4402
878 476 1265 529 mocrox«.
1792 466 1938 549 123·

222 610 473 679 sthenes
526 631 681 679 cum
729 615 1012 696 caeteris,
1064 615 1182 703 qui
1231 614 1400 681 bene
1449 612 1534 679 de
1581 612 1922 701 republica

224 716 452 782 mereri
498 712 1042 798 existimabantur,
1072 718 1412 806 plebiscito
1438 718 1506 783 in
1551 717 1815 782 exilium
1843 740 1918 782 e·-

221 832 363 885 rant
406 821 675 909 expulsi.
764 822 1009 911 Neque
1050 821 1119 887 in
1165 844 1247 887 eo
1290 821 1498 888 solum
1542 819 1952 902 offenderat,'

222 922 393 1010 quod
418 923 649 1011 patriae
692 922 863 988 male
890 922 1322 1003 consuluerat,
1353 922 1459 988 sed
1503 922 1698 988 etiam
1743 920 1926 1010 quod

170 1042 197 1097 5
222 1026 531 1091 amicitiae
562 1026 759 1091 fidem
776 1038 923 1091 'non
954 1026 1350 1118 praestiterat.
1437 1027 1771 1113 Namque,
1804 1046 1920 1090 au-

224 1126 361 1193 &us
392 1128 783 1215 adjutusque
810 1149 850 1191 a
875 1127 1338 1209 Demosthene,
1369 1148 1544 1208 eum,
1577 1150 1774 1215 quem
1818 1139 1920 1193 te-

222 1232 434 1311 nebat,
466 1230 843 1295 ascenderat
886 1230 1184 1319 gradum,
1216 1252 1368 1297 cum
1412 1230 1706 1296 adversus
1743 1230 1923 1296 Cha-

222 1342 425 1396 retem
452 1354 619 1397 eum
662 1332 1035 1403 subornaret
1050 1356 1078 1396 ·=
1126 1333 1207 1397 ab
1258 1332 1496 1397 eodem
1546 1330 1614 1395 in
1629 1331 1925 1421 judiciis,

222 1454 367 1499 cum
424 1434 664 1521 capitis
710 1434 960 1499 causam
1005 1434 1275 1515 diceret,
1319 1434 1636 1515 defensuri,
1670 1436 1924 1523 aiiquo-

151 1564 198 1600 ιο
224 1534 343 1601 ties
369 1536 695 1601 liberatus
726 1534 1097 1602 discefi‘erat.
1188 1538 1390 1603 Hunc
1433 1558 1564 1603 non
1605 1535 1810 1601 solum
1855 1536 1926 1603 in

225 1638 535 1725 periculis
552 1637 1015 1726 non'defendit,
1032 1636 1143 1705 sed
1160 1638 1358 1704 etiam
1381 1638 1688 1727 prodidit.
1745 1640 1926 1707 Con-

226 1743 387 1808 cidit
422 1754 653 1808 autem
698 1741 983 1807 maxime
1033 1764 1168 1807 uno
1197 1742 1514 1828 crimine,
1546 1742 1723 1831 quia,
1773 1764 1928 1808 cum

228 1842 393 1930 apud
422 1866 587 1909 eum
616 1841 941 1907 summum
988 1842 1141 1908 effet
1188 1843 1530 1931 imperium
1580 1842 1830 1932 populi,
1862 1852 1932 1909 et

230 1944 632 2010 Nicanorem
666 1942 984 2009 Cassandri
1016 1944 1392 2031 praefe&um
1425 1944 1696 2011 insidiari
1734 1944 1936 2011 Piraea

157 2070 205 2123 ις
222 2068 303 2113 'eo
329 2046 838 2113 Athenienfium
869 2069 909 2111 a
934 2048 1251 2136 Dercyllo
1288 2060 1684 2130 moneretur,
1714 2046 1927 2114 idem-

231 2172 355 2238 que
400 2148 757 2240 postularet
793 2160 871 2215 ut
916 2150 1282 2240 provideret
1327 2174 1411 2218 ne
1457 2152 1931 2219 commeatibus

228 2253 461 2320 civitas
506 2252 883 2340 privaretur,
932 2253 1066 2336 hic,
1114 2253 1416 2320 'audiente
1461 2255 1726 2344 populo3
1759 2251 1966 2320 Pho-³

232 2354 376 2420 cion
410 2353 683 2442 negavit
706 2353 831 2418 effe
857 2355 1246 2442 periculum,
1278 2356 1473 2445 seque
1501 2358 1641 2445 ejus
1679 2356 1772 2422 rei
1807 2357 1928 2422 ob-

233 2456 433 2522 fidem
458 2455 600 2520 fore
627 2455 953 2542 pollicitus
983 2457 1093 2523 est.
1166 2459 1404 2546 Neque
1435 2458 1527 2524 ita
1555 2457 1768 2524 multo
1796 2459 1934 2546 post

156 2593 207 2629 ιο
234 2558 535 2624 Nicanor
574 2557 823 2622 Piraeeo
869 2559 957 2623 est
1005 2559 1277 2646 potitus.
1366 2559 1476 2626 Ad
1516 2583 1711 2649 quem
1739 2583 1930 2626 recu·

233 2659 621 2748 perandum,
654 2658 781 2722 fine
810 2680 945 2748 quo
982 2659 1269 2726 Athenae
1315 2661 1586 2726 omnino
1631 2661 1752 2725 effe
1799 2681 1934 2726 non

234 2763 520 2852 poffunt,
550 2785 703 2827 cum
730 2761 1014 2850 populus
1040 2774 1323 2828 armatus
1356 2763 1789 2844 concurriffet,
1820 2743 1936 2828 ille

235 2887 365 2930 non
394 2863 601 2930 modo
631 2865 965 2928 neminem
1016 2864 1100 2929 ad
1148 2877 1328 2930 arma
1373 2865 1652 2946 vocavit,
1699 2863 1806 2929 sed
1851 2885 1936 2930 nc

236 2967 509 3034 armatis
540 2965 805 3054 quidem
836 2967 1089 3053 praeefl'e
1118 2965 1351 3032 voluit.
1429 2976 1434 2982 ’

160 3103 211 3160 ²5
322 3069 461 3134 ΙΙΙ.
508 3069 707 3131 Erant
750 3089 831 3132 eo
861 3078 1148 3154 tempore
1191 3067 1474 3133 Athenis
1521 3066 1670 3134 duae
1705 3066 1936 3136 factio-

241 3191 395 3236 nes·
371 3218 394 3252 ,
442 3189 722 3256 quarum
751 3189 883 3232 una
922 3169 1147 3256 populi
1178 3171 1428 3234 causam
1455 3171 1714 3258 agebat,
1745 3171 1942 3237 altera

242 3273 659 3360 optimatum.
750 3271 828 3332 In
856 3269 979 3333 hac
1024 3282 1208 3335 erant
1256 3271 1544 3337 Phocion
1585 3284 1654 3338 et
1692 3275 1939 3338 Deme-
1971 3299 1978 3304 ·

242 3372 409 3438 ttius
440 3362 805 3436 Phalereus.
892 3371 1149 3436 Harum
1188 3385 1458 3462 utraque
1499 3375 1943 3440 Macedonum
1993 3357 2006 3370 ’

246 3471 621 3559 patrociniis
678 3471 1025 3539 nitebatur.
1116 3475 1296 3539 Nam
1355 3475 1689 3564 populares
1745 3475 1941 3562 Poly-

169 3606 221 3663 3⁶
249 3575 591 3665 perchonti
628 3573 954 3658 favebant,
1002 3576 1347 3664 optimates
1399 3601 1551 3646 cum
1601 3577 1945 3644 Caffandro

1025 3699 1075 3745 o
1108 3699 1171 3752 2‘
1247 3713 1250 3716 ·
1709 3679 1944 3748 sentie-
