2587 4402
832 419 1476 510 τιῖηκιετοειέε.
1913 459 1994 531 15

316 617 357 660 a
376 591 797 660 Themistocle
824 615 959 660 non
992 593 1384 682 superatum,
1413 593 1522 660 sed
1549 594 1993 666 conservatum

295 697 626 786 judicavit.
720 695 831 762 Sic
870 696 1067 762 unius
1108 697 1227 776 viri
1258 696 1600 786 prudentia
1625 699 1884 764 Graecia
1907 701 1995 766 li-

304 801 512 866 berata
566 798 680 878 est,
727 799 1140 886 Europaeque
1182 799 1526 866 succubuit
1570 800 1738 866 Asta.
1784 856 1792 868 .
1829 803 1998 870 Haec

298 903 487 968 altera
538 899 837 980 victoria,
893 923 1045 988 quae
1098 923 1257 968 cum
1323 902 1744 968 Marathonio
1811 905 2000 990 poffit

242 1015 277 1070 ί
299 1003 645 1092 comparari
676 1015 945 1090 tropaeo.
1022 1005 1199 1070 Nam
1244 1005 1384 1092 pari
1419 1006 1620 1071 modo
1657 1007 1831 1094 apud
1875 1009 1996 1074 Sa-

294 1108 555 1187 lamina,
610 1127 810 1194 parvo
860 1127 1135 1170 numero
1182 1106 1476 1186 navium,
1531 1108 1812 1175 maxima
1859 1109 2000 1198 post

297 1213 645 1279 hominum
677 1208 1055 1276 memoriam
1088 1210 1286 1276 claffis
1319 1212 1404 1276 est
1433 1211 1704 1296 devicta.
1989 1255 1995 1264 ·

376 1319 505 1384 VI.
538 1319 835 1403 Magnus
866 1313 991 1380 hoc
1019 1313 1195 1382 bello
1214 1314 1674 1384 Themistocles
1703 1316 1852 1398 fuit,
1877 1339 2000 1384 nec

294 1421 545 1522 minor·
567 1421 637 1485 in
692 1442 877 1508 pace.
971 1421 1145 1486 Cum
1202 1422 1380 1488 enim
1439 1421 1746 1488 Phalereo
1805 1437 2000 1512 portu

218 1542 267 1579 ω
300 1547 509 1612 neque
534 1545 805 1610 magno,
830 1543 1045 1610 neque
1073 1525 1253 1588 bono
1276 1523 1706 1590 Athenienses
1733 1539 1996 1592 uteren-

290 1641 423 1710 tur,
453 1627 657 1716 hujus
687 1625 953 1693 confilio
980 1628 1217 1715 triplex
1262 1627 1484 1694 Piraeei
1513 1643 1733 1717 portus
1761 1631 1998 1696 consti-2

301 1747 479 1800 tutus
510 1735 639 1813 est3
688 1731 867 1820 isque
907 1732 1233 1797 moenibus
1278 1731 1740 1814 circumdatuS,
1781 1747 1858 1800 ut
1894 1735 2000 1822 ip-

302 1837 425 1902 sam
468 1837 701 1902 urbem
746 1833 1067 1924 dignitate
1096 1834 1540 1922 aequipararet,
1571 1835 1854 1901 utilitate
1894 1836 2002 1902 su·-

304 1951 575 2026 peraret.
666 1937 985 2023 Idemque
1028 1959 1247 2001 muros
1290 1937 1784 2004 Atheniensium
1825 1937 2002 2006 resti-

224 2061 273 2116 ις
304 2040 429 2107 tuit
456 2041 783 2129 praecipuo
812 2039 927 2104 suo
962 2041 1276 2126 periculo,
1364 2042 1670 2130 Namque
1695 2043 2004 2110 Lacedae-

304 2145 535 2225 monii,
568 2143 821 2211 causam
854 2141 1153 2210 idoneam
1182 2143 1354 2210 nacti
1399 2157 1662 2233 propter
1699 2147 2004 2213 barbaro-

303 2274 446 2315 rum
496 2249 923 2329 excurfioneS,
954 2270 1083 2335 qua
1124 2260 1438 2337 negarent
1485 2260 1780 2335 oportere
1829 2261 2008 2315 extra

307 2350 811 2439 Peloponnesum
856 2350 1057 2416 ullam
1103 2353 1334 2417 urbem
1385 2351 1633 2432 haberi,
1675 2374 1758 2417 ne
1809 2352 2008 2419 effent

305 2456 449 2522 loca
490 2455 767 2534 munita,
826 2475 972 2543 quae
1016 2456 1223 2527 hostes
1267 2456 1673 2542 poffiderent,
1719 2445 2004 2523 Atheni·-

222 2578 280 2617 πο
310 2560 487 2625 enses
516 2558 907 2623 aedificantes
950 2557 1291 2644 prohibere
1323 2558 1470 2623 sunt
1511 2560 1752 2625 conati.
1851 2562 2006 2626 Hoc

309 2662 509 2750 longe
566 2660 697 2725 alio
752 2659 1099 2747 spectabat,
1159 2670 1356 2747 atque
1416 2660 1620 2727 videri
1677 2647 2005 2729 volebant.

311 2761 739 2831 Athenienses
764 2761 939 2825 enim
973 2761 1225 2826 duabus
1256 2761 1566 2840 victoriis,
1597 2764 2012 2828 Marathonia

314 2880 379 2933 et
410 2864 780 2943 Salaminia,
814 2875 1059 2929 tantam
1090 2863 1368 2950 gloriam
1382 2864 1558 2951 >apud
1585 2886 1813 2929 omnes
1840 2884 2008 2953 gen-

312 2984 411 3037 tes
462 2980 648 3035 erant
692 2966 1044 3047 consecuti,
1076 2979 1155 3031 ut
1200 2965 1647 3054 intelligerent
1697 2964 2010 3033 Lace‘dae-

228 3096 285 3148 ες
316 3073 519 3139 monii
586 3073 671 3138 de
728 3070 1091 3157 principatu
1140 3069 1253 3134 fibi
1303 3060 1464 3133 ¹cuna
1522 3068 1628 3135 his
1682 3070 2013 3139 certamen

316 3176 491 3241 fore:
542 3196 743 3262 quare
782 3194 897 3236 eos
935 3160 1130 3259 quam
1176 3171 1628 3237 infirmiffimos
1673 3174 1795 3239 effe
1831 3175 2013 3240 vole-

319 3279 495 3343 bant.
590 3274 923 3360 Postquam
976 3285 1195 3337 autem
1248 3273 1590 3339 audierunt
1640 3298 1859 3341 muros
1909 3276 2013 3340 in-

318 3380 490 3458 strui,
522 3377 775 3465 legatos
808 3374 1099 3440 Athenas
1133 3372 1463 3455 miserunt,
1495 3377 1610 3464 qui
1638 3377 1708 3441 id
1738 3377 1874 3441 fieri
1901 3399 2016 3443 vc*-

321 3483 555 3545 taren't.
645 3476 773 3541 His
800 3476 1221 3563 praesentibus
1250 3477 1592 3557 desierunt,
1625 3500 1700 3543 ae
1730 3478 1793 3541 se
1833 3478 1916 3543 de
1943 3500 2020 3545 ea

240 3608 296 3656 30
328 3604 396 3647 re
435 3583 687 3669 legatos
718 3580 803 3645 ad
826 3600 937 3646 eos
966 3578 1253 3644 missuros
1280 3581 1606 3645 dixerunt.
1697 3583 1890 3649 Hanc
1922 3584 2017 3649 le·
2112 3652 2122 3665 ,

328 3684 657 3771 gationem
694 3681 965 3769 suscepit
992 3681 1476 3764 ThemistocleS,
1507 3694 1576 3749 et
1601 3681 1772 3753 solus
1813 3687 2024 3773 primo

1206 3822 1210 3827 ·
1873 3808 2023 3873 pro-
