2587 4402
1397 955 1596 1022 VIII.

1040 1121 1982 1216 THRASYBULU&

648 1391 707 1456 1.
737 1358 1444 1454 THRASYBULUS
1485 1384 1655 1473 Lyci
1684 1382 1878 1465 finus,
1906 1383 2370 1480 Atheniense.

648 1494 720 1559 Si
767 1514 880 1577 per
920 1491 985 1556 se
1016 1489 1235 1554 virtus
1284 1489 1414 1553 fine
1465 1487 1724 1552 fortuna
1773 1489 2197 1575 ponderanda
2259 1491 2367 1570 fit,

646 1594 879 1662 dubito
906 1617 989 1659 an
1018 1593 1197 1658 hunc
1224 1591 1510 1678 primum
1543 1589 1842 1671 omnium
1882 1611 2147 1676 ponam.
2251 1591 2368 1656 Illi

646 1697 773 1762 fine
822 1695 1027 1762 dubio
1056 1691 1408 1758 'neminem
1451 1690 1720 1780 prdem
1763 1692 1914 1773 fide,
1965 1693 2361 1774 constantia,

643 1797 1099 1887 magnitudine
1128 1796 1354 1876 animi,
1387 1795 1455 1858 in
1495 1793 1766 1882 patriam
1803 1815 2044 1859 amore.
2135 1797 2356 1877 Nam,
2394 1824 2421 1873 5

641 1900 820 1988 quod
858 1899 1054 1964 multi
1082 1898 1448 1976 voluerunt,
1481 1895 1799 1984 paucique
1839 1909 2221 1982 potuerunt,
2268 1901 2356 1964 ab

640 2023 777 2067 uno
804 2013 1082 2089 tyranno
1112 1999 1386 2088 patriam
1413 1999 1709 2077 liberare,
1741 1998 1896 2062 huic
1925 1999 2236 2087 contigit,
2273 2013 2355 2066 ut

636 2127 677 2168 a
732 2104 1006 2192 triginta
1056 2101 1408 2191 oppressam
1463 2100 1855 2189 tyrannice
1907 2099 2216 2167 servitute
2275 2103 2347 2168 in

634 2207 1004 2273 libertatem
1034 2207 1414 2272 vindicaret.
1505 2204 1634 2269 Sed
1672 2201 1890 2269 nescio
1933 2226 2068 2291 quo
2109 2208 2346 2286 mode,

637 2335 789 2383 cum
834 2334 985 2378 eum
1030 2332 1227 2376 nemo
1270 2308 1548 2375 anteiret
1587 2308 1694 2373 his
1733 2308 2109 2389 virtutibuS,
2141 2311 2342 2376 multi
2381 2343 2436 2378 ιο

634 2416 975 2481 nobilitate
1000 2412 1495 2504 praecurrerunt.
1561 2412 1845 2479 Primum
1881 2412 2342 2501 Peloponnesio

633 2516 811 2583 bello
840 2518 1051 2583 multa
1076 2516 1185 2581 hic
1214 2517 1344 2581 fine
1372 2515 1716 2581 Alcibiade
1756 2515 1940 2603 geffit
1962 2540 1984 2596 3
2031 2516 2144 2581 ille
2179 2518 2338 2584 nul-

629 2616 760 2681 lam
804 2639 943 2683 rem
988 2619 1115 2683 fine
1156 2617 1333 2683 hoc:
1382 2638 1528 2704 quae
1571 2616 1686 2682 ille
1724 2617 2015 2683 universa
2052 2621 2336 2685 naturali

631 2720 916 2809 quodam
944 2722 1121 2787 bono
1148 2719 1306 2785 fecit
1334 2719 1524 2787 lucri.
1613 2721 1744 2786 Sed
1787 2720 1899 2785 illa
1933 2734 2150 2787 tamen
2179 2746 2330 2787 om-

626 2824 739 2888 nia
772 2824 1146 2889 communia
1186 2822 1684 2911 imperatoribus
1727 2846 1880 2888 cum
1910 2824 2233 2890 militibus
2263 2838 2334 2891 et
2371 2862 2386 2894 ι
2396 2856 2421 2910 5

626 2925 906 3006 fortuna,
953 2924 1133 3015 quod
1188 2924 1257 2989 in
1310 2924 1514 3010 praelii
1563 2924 1878 2991 concursu
1940 2926 2079 2991 abit
2134 2950 2237 2992 res
2290 2951 2329 2993 a

627 3029 889 3093 consilio
916 3030 995 3094 ad
1026 3027 1213 3108 vires,
1245 3027 1510 3114 vimque
1539 3027 2000 3114 pugnantium.
2091 3031 2328 3118 Itaque

610 3130 765 3217 jure
794 3130 907 3194 suo
936 3130 1249 3196 nonnulla
1277 3132 1360 3195 ab
1391 3130 1775 3216 imperatore
1803 3130 2014 3210 miles,
2041 3132 2326 3217 plurima

623 3254 779 3297 vero
814 3230 1073 3297 fortuna
1114 3232 1426 3311 vindicat,
1457 3232 1648 3319 seque
1691 3230 1801 3296 hic
1844 3232 1991 3319 plus
2031 3233 2318 3315 valuiffe‚

620 3356 820 3421 quam
849 3332 1034 3397 ducis
1063 3332 1497 3420 prudentiam,
1527 3354 1674 3396 vere
1701 3335 1908 3419 potest
1943 3334 2313 3419 praedicare.
2351 3377 2408 3412 20

623 3438 845 3503 Quare
902 3436 1068 3500 illud
1120 3434 1815 3521 magnificentiffimum
1867 3436 2112 3502 facium
2161 3460 2313 3524 pro-

617 3538 831 3624 prium
864 3538 949 3603 est
976 3536 1390 3623 Thrasybuli.
1478 3538 1681 3617 Nam,
1713 3560 1864 3601 cum
1901 3539 2173 3625 triginta
2199 3552 2309 3627 ty-

619 3640 831 3721 ranni,
864 3638 1185 3729 praepofiti
1212 3660 1253 3704 a
1279 3637 1814 3722 Lacedaemoniis,
1847 3640 2148 3709 servitute
2191 3664 2308 3728 op-

2079 3744 2305 3831 preffas
