2587 4402
1117 857 1219 906 ΒΕ

565 1016 887 1084 VITA
964 1022 1117 1086 ET
1194 1022 1830 1090 SCRIPTIS⁴

616 1151 1049 1278 '.coRN.
1104 1206 1646 1280 NEPOTIS.

331 1409 843 1508 OPTANDUM
892 1451 1041 1522 efflet,
1090 1455 1381 1531 egregium
1424 1453 1670 1531 aliquem
1733 1451 2018 1512 auctorem

326 1545 501 1606 Corn.
530 1525 781 1625 Nepotis
807 1549 985 1607 vitam
1016 1569 1081 1607 ea
1112 1551 1305 1608 nativa
1330 1549 1598 1608 sermonis
1635 1550 1934 1626 elegantia,
1956 1565 2023 1608 ea
2079 1593 2086 1604 .

326 1641 436 1700 fide
458 1652 733 1702 -aocurata
772 1644 1118 1722 descripsisse,
1147 1666 1261 1724 qua
1292 1645 1407 1723 ipse
1435 1647 1571 1703 olim
1601 1645 1731 1702 usus
1766 1647 1858 1712 est,
1887 1663 2020 1702 cum

324 1749 411 1798 tot
440 1734 685 1818 insignes
712 1741 861 1800 viros
890 1744 1308 1801 immortalitati
1335 1741 1684 1802 consecrarit.
1753 1743 2023 1818 AEquum

325 1839 481 1895 enim
509 1839 607 1906 est,
632 1849 699 1896 ut
740 1841 926 1897 alieno
954 1860 1066 1898 non
1098 1841 1349 1918 indigeat
1388 1842 1626 1907 calamo,
1655 1839 1754 1917 qui
1789 1839 1926 1896 alios
1957 1839 2028 1896 il-

326 1936 524 1994 lustrat
573 1935 693 1994 suo,
774 1938 1279 1996 verumenimvero
1335 1935 1642 1994 istiusmodi
1700 1935 2026 2012 scriptorem

326 2031 533 2090 frustra
577 2033 929 2109 quaerimue,’
957 2034 1055 2091 diu
1104 2033 1460 2091 defideraturi
1481 2056 1500 2103 3
1571 2051 1702 2090 cum
1757 2031 2029 2090 hactenus

284 2163 302 2187 s
328 2129 557 2207 ingrata
598 2130 886 2208 posteritas
927 2150 1041 2189 non
1070 2129 1239 2188 modo
1265 2149 1380 2187 non
1419 2128 1704 2186 enucleate
1745 2129 1892 2186 tanti
1919 2129 2030 2187 viri

326 2245 515 2286 mores
542 2228 839 2305 vitamque
864 2228 1199 2307 depinxerit,
1222 2246 1416 2287 verum
1447 2226 1758 2284 nitidiffimi
1788 2226 2032 2285 auc‘toris

328 2342 502 2402 opera
530 2324 781 2381 AEmilio
808 2326 1005 2393 Probo,
1036 2324 1300 2403 imperito
1328 2324 1555 2381 cuidam
1583 2328 1607 2357 ³
1637 2322 1886 2389 librari0,
1917 2340 2033 2381 non

328 2422 527 2478 minus
570 2419 879 2491 inscienter,
909 2440 1079 2498 quam
1122 2421 1318 2498 inique
1344 2419 1602 2477 tribuerit
1620 2444 1636 2493 ς
1683 2421 1834 2497 quati
1873 2420 2036 2479 indo-

332 2518 463 2577 &us
488 2516 665 2575 scriba
688 2517 969 2575 absolutus
999 2528 1221 2595 repente
1247 2518 1501 2575 evaderet
1521 2514 1812 2575 historicus
1825 2541 1843 2589 3
1881 2518 2035 2594 quafi

336 2618 493 2675 idem
526 2616 945 2685 effetlimatum
964 2637 1126 2693 opuS,
1148 2617 1207 2673 in
1237 2616 1446 2693 angulo
1464 2615 1818 2673 bibliothecae
1843 2634 2036 2673 recon-

334 2712 555 2781 ditum,
591 2712 650 2768 in
676 2712 857 2769 lucem
886 2712 1147 2790 proferre,
1176 2732 1241 2770 ac
1269 2712 1492 2769 summa
1519 2731 1650 2769 cum
1689 2712 1960 2769 industria
1982 2720 2041 2769 et

335 2820 462 2868 arte
488 2828 826 2885 componere
842 2833 861 2879 ς,
906 2810 1056 2885 quasi
1086 2810 1318 2867 demum
1349 2808 1494 2866 nihil
1525 2808 1670 2867 foret
1701 2808 2040 2866 discriminis

336 2910 495 2966 inter'
532 2908 905 2983 Augustaeum
948 2916 1005 2965 et
1044 2907 1492 2965 Theodofianum
1536 2926 1744 2974 aevum,
1773 2894 1830 2963 et
1871 2904 2039 2982 hujus

336 3006 626 3064 barbaries
654 3005 805 3062 illius
828 3015 1076 3081 aequaret
1102 3005 1462 3081 elegantiam.
1547 3004 1664 3061 Hic
1693 3004 1882 3081 itaque
1907 3024 2040 3063 cum

344 3104 485 3160 viris
515 3102 837 3161 doe'tiffimis
865 3102 1175 3161 exclamare
1203 3102 1356 3172 licet,
1384 3101 1610 3159 furtivae
1637 3102 1886 3160 AEmilio
1913 3104 2047 3161 Pro-

341 3204 421 3258 bo
449 3201 777 3257 adimantur
796 3201 1028 3277 plumae,
1058 3210 1113 3257 et
1141 3199 1304 3256 suum
1325 3199 1540 3276 Nepoti
1567 3200 1767 3257 merito
1785 3202 2047 3259 reddatur

344 3319 529 3375 opus;
574 3297 673 3374 qui
702 3296 729 3341 b
760 3307 913 3355 ortus
954 3318 1022 3354 ex
1064 3296 1328 3365 Hostilia,
1364 3297 1491 3353 vico
1526 3280 1954 3365 Veronensmmj
1977 3298 2048 3354 ad

346 3394 485 3453 Padi
519 3394 667 3471 ripas
693 3394 813 3463 fite,
844 3412 956 3451 non
1000 3392 1312 3470 imperante
1351 3392 1679 3460 Theodofio,
1710 3390 1799 3449 sed
1837 3402 1892 3449 et
1920 3402 2050 3450 ante

356 3649 363 3653 ·
416 3592 438 3617 ⁸
474 3585 601 3633 Vide
619 3586 817 3633 Ger-ard.
838 3584 969 3633 Voff.
994 3585 1221 3632 Lambin.
1244 3593 1293 3632 et
1316 3566 1632 3633 Savaronsde
1653 3585 1770 3633 vita.
1791 3585 1973 3649 Nepot.

414 3676 447 3717 b
480 3668 543 3714 V.
576 3666 701 3715 Plin.
731 3666 767 3714 l.
802 3666 871 3715 iii.
902 3680 951 3716 c.
992 3666 1068 3714 18.
1102 3666 1185 3728 qui
1224 3666 1472 3729 Nepotem
1491 3674 1635 3713 vocat
1657 3666 1772 3715 Padi
1809 3668 2052 3717 accolam.

352 3749 468 3800 vid.
493 3749 642 3797 etiam
658 3747 785 3797 Vofl:

1867 3810 2053 3871 Caesa-
