<?xml version="1.0" encoding="UTF-8"?>
<!DOCTYPE html PUBLIC "-//W3C//DTD XHTML 1.0 Transitional//EN"
    "http://www.w3.org/TR/xhtml1/DTD/xhtml1-transitional.dtd">
<html xmlns="http://www.w3.org/1999/xhtml" xml:lang="en" lang="en">
 <head>
  <title>
</title>
<meta http-equiv="Content-Type" content="text/html;charset=utf-8" />
  <meta name='ocr-system' content='tesseract 3.04.00' />
  <meta name='ocr-capabilities' content='ocr_page ocr_carea ocr_par ocr_line ocrx_word'/>
</head>
<body>
  <div class='ocr_page' id='page_1' title='image "./corneliinepotis30nepogoog_0044.png"; bbox 0 0 2587 4402; ppageno 0'>
   <div class='ocr_carea' id='block_1_1' title="bbox 584 449 1762 517">
    <p class='ocr_par' dir='ltr' id='par_1_1' title="bbox 584 449 1762 517">
     <span class='ocr_line' id='line_1_1' title="bbox 584 449 1762 517; baseline 0.002 -17"><span class='ocrx_word' id='word_1_1' title='bbox 584 449 667 517; x_wconf 87' lang='lat'><strong>14</strong></span> <span class='ocrx_word' id='word_1_2' title='bbox 1120 452 1762 504; x_wconf 70' lang='lat' dir='ltr'><strong>Tnssunrocms.</strong></span> 
     </span>
    </p>
   </div>
   <div class='ocr_carea' id='block_1_2' title="bbox 524 584 2380 3648">
    <p class='ocr_par' dir='ltr' id='par_1_2' title="bbox 558 584 2380 1808">
     <span class='ocr_line' id='line_1_2' title="bbox 578 584 2308 676; baseline 0.002 -25"><span class='ocrx_word' id='word_1_3' title='bbox 578 586 1011 668; x_wconf 82' lang='lat' dir='ltr'><strong>hortarentur,</strong></span> <span class='ocrx_word' id='word_1_4' title='bbox 1069 599 1147 652; x_wconf 91' lang='lat' dir='ltr'><strong>ut</strong></span> <span class='ocrx_word' id='word_1_5' title='bbox 1200 587 1432 654; x_wconf 76' lang='lat' dir='ltr'><strong>domos</strong></span> <span class='ocrx_word' id='word_1_6' title='bbox 1481 589 1620 654; x_wconf 74' lang='lat' dir='ltr'><strong>suas</strong></span> <span class='ocrx_word' id='word_1_7' title='bbox 1665 584 1934 676; x_wconf 89' lang='lat' dir='ltr'><strong>quisque</strong></span> <span class='ocrx_word' id='word_1_8' title='bbox 1981 585 2308 654; x_wconf 86' lang='lat' dir='ltr'><strong>discede-.</strong></span> 
     </span>
     <span class='ocr_line' id='line_1_3' title="bbox 576 687 2278 778; baseline 0.001 -23"><span class='ocrx_word' id='word_1_9' title='bbox 576 703 748 772; x_wconf 84' lang='lat' dir='ltr'><strong>rent,</strong></span> <span class='ocrx_word' id='word_1_10' title='bbox 802 689 1249 778; x_wconf 80' lang='lat' dir='ltr'>moenibusque</span> <span class='ocrx_word' id='word_1_11' title='bbox 1305 690 1370 755; x_wconf 83' lang='lat' dir='ltr'><strong>se</strong></span> <span class='ocrx_word' id='word_1_12' title='bbox 1413 689 1860 770; x_wconf 81' lang='lat' dir='ltr'><strong>defenderent,</strong></span> <span class='ocrx_word' id='word_1_13' title='bbox 1901 687 2278 756; x_wconf 79' lang='lat' dir='ltr'><strong>Themisto·</strong></span> 
     </span>
     <span class='ocr_line' id='line_1_4' title="bbox 574 791 2301 878; baseline 0 -20"><span class='ocrx_word' id='word_1_14' title='bbox 574 792 708 858; x_wconf 80' lang='lat' dir='ltr'><strong>oles</strong></span> <span class='ocrx_word' id='word_1_15' title='bbox 738 815 907 858; x_wconf 83' lang='lat' dir='ltr'><strong>unus</strong></span> <span class='ocrx_word' id='word_1_16' title='bbox 944 793 1191 872; x_wconf 85' lang='lat' dir='ltr'><strong>restitit,</strong></span> <span class='ocrx_word' id='word_1_17' title='bbox 1222 803 1291 858; x_wconf 89' lang='lat' dir='ltr'><strong>et</strong></span> <span class='ocrx_word' id='word_1_18' title='bbox 1317 792 1646 858; x_wconf 81' lang='lat' dir='ltr'><strong>universos</strong></span> <span class='ocrx_word' id='word_1_19' title='bbox 1673 793 1796 858; x_wconf 83' lang='lat' dir='ltr'><strong>effe</strong></span> <span class='ocrx_word' id='word_1_20' title='bbox 1823 812 2006 878; x_wconf 85' lang='lat' dir='ltr'><strong>pares</strong></span> <span class='ocrx_word' id='word_1_21' title='bbox 2033 791 2301 874; x_wconf 53' lang='lat' dir='ltr'><strong>aiebat,</strong></span> 
     </span>
     <span class='ocr_line' id='line_1_5' title="bbox 568 893 2276 983; baseline 0.001 -24"><span class='ocrx_word' id='word_1_22' title='bbox 568 894 877 982; x_wconf 85' lang='lat' dir='ltr'><strong>dispersos</strong></span> <span class='ocrx_word' id='word_1_23' title='bbox 905 897 1253 960; x_wconf 86' lang='lat' dir='ltr'><strong>testabatur</strong></span> <span class='ocrx_word' id='word_1_24' title='bbox 1281 895 1640 983; x_wconf 82' lang='lat' dir='ltr'><strong>perituros;</strong></span> <span class='ocrx_word' id='word_1_25' title='bbox 1687 895 1884 979; x_wconf 88' lang='lat' dir='ltr'><strong>idque</strong></span> <span class='ocrx_word' id='word_1_26' title='bbox 1913 893 2276 982; x_wconf 74' lang='lat' dir='ltr'><strong>Eurybiadi</strong></span> 
     </span>
     <span class='ocr_line' id='line_1_6' title="bbox 573 989 2352 1086; baseline 0 -24"><span class='ocrx_word' id='word_1_27' title='bbox 573 997 715 1086; x_wconf 67' lang='lat' dir='ltr'><strong>megi</strong></span> <span class='ocrx_word' id='word_1_28' title='bbox 760 997 1427 1079; x_wconf 75' lang='lat' dir='ltr'><strong>Lacedaemoniorum,</strong></span> <span class='ocrx_word' id='word_1_29' title='bbox 1479 998 1594 1084; x_wconf 91' lang='lat' dir='ltr'><strong>qui</strong></span> <span class='ocrx_word' id='word_1_30' title='bbox 1642 1009 1786 1062; x_wconf 86' lang='lat' dir='ltr'><strong>tum</strong></span> <span class='ocrx_word' id='word_1_31' title='bbox 1827 989 2096 1064; x_wconf 62' lang='lat' dir='ltr'><strong>summae</strong></span> <span class='ocrx_word' id='word_1_32' title='bbox 2139 997 2268 1062; x_wconf 85' lang='lat' dir='ltr'><strong>irn-</strong></span> <span class='ocrx_word' id='word_1_33' title='bbox 2313 1009 2352 1062; x_wconf 75' lang='lat'>⁵</span> 
     </span>
     <span class='ocr_line' id='line_1_7' title="bbox 567 1099 2268 1188; baseline 0.001 -22"><span class='ocrx_word' id='word_1_34' title='bbox 567 1101 731 1188; x_wconf 87' lang='lat' dir='ltr'><strong>perii</strong></span> <span class='ocrx_word' id='word_1_35' title='bbox 759 1113 1050 1187; x_wconf 82' lang='lat' dir='ltr'><strong>praeerat,</strong></span> <span class='ocrx_word' id='word_1_36' title='bbox 1080 1101 1217 1166; x_wconf 87' lang='lat' dir='ltr'><strong>fore</strong></span> <span class='ocrx_word' id='word_1_37' title='bbox 1246 1101 1624 1166; x_wconf 83' lang='lat' dir='ltr'><strong>affirmabat.</strong></span> <span class='ocrx_word' id='word_1_38' title='bbox 1701 1100 1919 1166; x_wconf 78' lang='lat' dir='ltr'><strong>Quem</strong></span> <span class='ocrx_word' id='word_1_39' title='bbox 1953 1121 2106 1166; x_wconf 87' lang='lat' dir='ltr'><strong>cum</strong></span> <span class='ocrx_word' id='word_1_40' title='bbox 2137 1099 2268 1174; x_wconf 82' lang='lat' dir='ltr'><strong>mi-</strong></span> 
     </span>
     <span class='ocr_line' id='line_1_8' title="bbox 570 1200 2270 1289; baseline 0.001 -23"><span class='ocrx_word' id='word_1_41' title='bbox 570 1225 717 1283; x_wconf 73' lang='lat' dir='ltr'><strong>nue,</strong></span> <span class='ocrx_word' id='word_1_42' title='bbox 778 1225 974 1289; x_wconf 90' lang='lat' dir='ltr'><strong>quam</strong></span> <span class='ocrx_word' id='word_1_43' title='bbox 1033 1203 1252 1282; x_wconf 85' lang='lat' dir='ltr'><strong>vellet,</strong></span> <span class='ocrx_word' id='word_1_44' title='bbox 1314 1213 1624 1282; x_wconf 87' lang='lat' dir='ltr'><strong>moveret,</strong></span> <span class='ocrx_word' id='word_1_45' title='bbox 1679 1201 1878 1266; x_wconf 58' lang='lat' dir='ltr'><strong>noctu</strong></span> <span class='ocrx_word' id='word_1_46' title='bbox 1939 1200 2025 1266; x_wconf 85' lang='lat' dir='ltr'><strong>de</strong></span> <span class='ocrx_word' id='word_1_47' title='bbox 2077 1201 2270 1268; x_wconf 80' lang='lat' dir='ltr'><strong>servis</strong></span> 
     </span>
     <span class='ocr_line' id='line_1_9' title="bbox 565 1305 2266 1395; baseline 0.001 -25"><span class='ocrx_word' id='word_1_48' title='bbox 565 1306 717 1387; x_wconf 71' lang='lat' dir='ltr'><strong>suia,</strong></span> <span class='ocrx_word' id='word_1_49' title='bbox 750 1329 947 1395; x_wconf 89' lang='lat' dir='ltr'><strong>quem</strong></span> <span class='ocrx_word' id='word_1_50' title='bbox 992 1307 1223 1374; x_wconf 79' lang='lat' dir='ltr'><strong>habuit</strong></span> <span class='ocrx_word' id='word_1_51' title='bbox 1250 1308 1708 1383; x_wconf 86' lang='lat' dir='ltr'><strong>fideliffimum,</strong></span> <span class='ocrx_word' id='word_1_52' title='bbox 1740 1305 1824 1370; x_wconf 88' lang='lat' dir='ltr'><strong>ad</strong></span> <span class='ocrx_word' id='word_1_53' title='bbox 1864 1327 2090 1392; x_wconf 83' lang='lat' dir='ltr'><strong>regem</strong></span> <span class='ocrx_word' id='word_1_54' title='bbox 2135 1306 2266 1372; x_wconf 85' lang='lat' dir='ltr'><strong>mi·</strong></span> 
     </span>
     <span class='ocr_line' id='line_1_10' title="bbox 566 1407 2282 1496; baseline 0.001 -24"><span class='ocrx_word' id='word_1_55' title='bbox 566 1409 663 1488; x_wconf 88' lang='lat' dir='ltr'><strong>fit,</strong></span> <span class='ocrx_word' id='word_1_56' title='bbox 695 1421 769 1474; x_wconf 91' lang='lat' dir='ltr'><strong>ut</strong></span> <span class='ocrx_word' id='word_1_57' title='bbox 798 1409 857 1474; x_wconf 82' lang='lat' dir='ltr'><strong>ei</strong></span> <span class='ocrx_word' id='word_1_58' title='bbox 899 1409 1237 1475; x_wconf 82' lang='lat' dir='ltr'><strong>nunciaret</strong></span> <span class='ocrx_word' id='word_1_59' title='bbox 1278 1411 1406 1474; x_wconf 82' lang='lat' dir='ltr'><strong>suis</strong></span> <span class='ocrx_word' id='word_1_60' title='bbox 1449 1409 1664 1475; x_wconf 82' lang='lat' dir='ltr'><strong>verbis</strong></span> <span class='ocrx_word' id='word_1_61' title='bbox 1703 1408 2086 1475; x_wconf 85' lang='lat' dir='ltr'><strong>adversarios</strong></span> <span class='ocrx_word' id='word_1_62' title='bbox 2121 1407 2282 1496; x_wconf 78' lang='lat' dir='ltr'><strong>ejus·</strong></span> 
     </span>
     <span class='ocr_line' id='line_1_11' title="bbox 563 1509 2380 1600; baseline 0.002 -26"><span class='ocrx_word' id='word_1_63' title='bbox 563 1510 633 1574; x_wconf 86' lang='lat' dir='ltr'><strong>in</strong></span> <span class='ocrx_word' id='word_1_64' title='bbox 662 1509 823 1599; x_wconf 84' lang='lat' dir='ltr'><strong>fuga</strong></span> <span class='ocrx_word' id='word_1_65' title='bbox 848 1513 969 1577; x_wconf 83' lang='lat' dir='ltr'><strong>effe</strong></span> <span class='ocrx_word' id='word_1_66' title='bbox 978 1539 999 1593; x_wconf 85' lang='lat'><em>3</em></span> <span class='ocrx_word' id='word_1_67' title='bbox 1048 1513 1161 1600; x_wconf 91' lang='lat' dir='ltr'><strong>qui</strong></span> <span class='ocrx_word' id='word_1_68' title='bbox 1191 1513 1234 1576; x_wconf 88' lang='lat' dir='ltr'><strong>fi</strong></span> <span class='ocrx_word' id='word_1_69' title='bbox 1262 1511 1686 1591; x_wconf 84' lang='lat' dir='ltr'><strong>disceffiffent,</strong></span> <span class='ocrx_word' id='word_1_70' title='bbox 1709 1511 1952 1599; x_wconf 87' lang='lat' dir='ltr'><strong>majore</strong></span> <span class='ocrx_word' id='word_1_71' title='bbox 1983 1533 2134 1576; x_wconf 85' lang='lat' dir='ltr'><strong>cum</strong></span> <span class='ocrx_word' id='word_1_72' title='bbox 2161 1510 2264 1578; x_wconf 79' lang='lat' dir='ltr'><strong>la·</strong></span> <span class='ocrx_word' id='word_1_73' title='bbox 2309 1535 2380 1570; x_wconf 77' lang='grc' dir='ltr'><strong>ιο</strong></span> 
     </span>
     <span class='ocr_line' id='line_1_12' title="bbox 563 1611 2266 1703; baseline 0.001 -25"><span class='ocrx_word' id='word_1_74' title='bbox 563 1615 746 1695; x_wconf 87' lang='lat' dir='ltr'><strong>bore,</strong></span> <span class='ocrx_word' id='word_1_75' title='bbox 760 1627 827 1680; x_wconf 88' lang='lat' dir='ltr'><strong>et</strong></span> <span class='ocrx_word' id='word_1_76' title='bbox 842 1615 1304 1703; x_wconf 84' lang='lat' dir='ltr'><strong>longinquiore</strong></span> <span class='ocrx_word' id='word_1_77' title='bbox 1325 1627 1641 1701; x_wconf 84' lang='lat' dir='ltr'><strong>tempore,</strong></span> <span class='ocrx_word' id='word_1_78' title='bbox 1652 1612 1903 1680; x_wconf 87' lang='lat' dir='ltr'><strong>bellum</strong></span> <span class='ocrx_word' id='word_1_79' title='bbox 1923 1611 2266 1680; x_wconf 59' lang='lat' dir='ltr'><strong>confectu-</strong></span> 
     </span>
     <span class='ocr_line' id='line_1_13' title="bbox 558 1716 2267 1808; baseline 0.002 -28"><span class='ocrx_word' id='word_1_80' title='bbox 558 1737 729 1797; x_wconf 86' lang='lat' dir='ltr'><strong>rum,</strong></span> <span class='ocrx_word' id='word_1_81' title='bbox 760 1737 913 1782; x_wconf 88' lang='lat' dir='ltr'><strong>cum</strong></span> <span class='ocrx_word' id='word_1_82' title='bbox 962 1717 1247 1808; x_wconf 84' lang='lat' dir='ltr'><strong>fingulos</strong></span> <span class='ocrx_word' id='word_1_83' title='bbox 1275 1716 1620 1782; x_wconf 60' lang='lat' dir='ltr'><strong>consectari</strong></span> <span class='ocrx_word' id='word_1_84' title='bbox 1665 1728 2052 1803; x_wconf 79' lang='lat' dir='ltr'><strong>cogeretur3</strong></span> <span class='ocrx_word' id='word_1_85' title='bbox 2095 1739 2267 1804; x_wconf 73' lang='lat' dir='ltr'><strong>quoa</strong></span> 
     </span>
    </p>

    <p class='ocr_par' dir='ltr' id='par_1_3' title="bbox 549 1819 2364 2705">
     <span class='ocr_line' id='line_1_14' title="bbox 556 1819 2260 1908; baseline 0.002 -24"><span class='ocrx_word' id='word_1_86' title='bbox 556 1821 599 1885; x_wconf 83' lang='lat' dir='ltr'><strong>fi</strong></span> <span class='ocrx_word' id='word_1_87' title='bbox 644 1821 851 1885; x_wconf 86' lang='lat' dir='ltr'><strong>statim</strong></span> <span class='ocrx_word' id='word_1_88' title='bbox 897 1821 1380 1908; x_wconf 82' lang='lat' dir='ltr'><strong>aggrederetur,</strong></span> <span class='ocrx_word' id='word_1_89' title='bbox 1412 1820 1593 1886; x_wconf 83' lang='lat' dir='ltr'><strong>brevi</strong></span> <span class='ocrx_word' id='word_1_90' title='bbox 1635 1819 1963 1884; x_wconf 83' lang='lat' dir='ltr'><strong>universos</strong></span> <span class='ocrx_word' id='word_1_91' title='bbox 2001 1821 2260 1906; x_wconf 85' lang='lat' dir='ltr'><strong>oppres-</strong></span> 
     </span>
     <span class='ocr_line' id='line_1_15' title="bbox 553 1921 2261 2010; baseline 0.001 -24"><span class='ocrx_word' id='word_1_92' title='bbox 553 1921 795 1986; x_wconf 84' lang='lat' dir='ltr'><strong>surum.</strong></span> <span class='ocrx_word' id='word_1_93' title='bbox 894 1925 1045 1988; x_wconf 93' lang='lat' dir='ltr'><strong>Hoc</strong></span> <span class='ocrx_word' id='word_1_94' title='bbox 1076 1945 1159 1988; x_wconf 92' lang='lat' dir='ltr'><strong>eo</strong></span> <span class='ocrx_word' id='word_1_95' title='bbox 1194 1923 1474 2002; x_wconf 85' lang='lat' dir='ltr'><strong>valebat,</strong></span> <span class='ocrx_word' id='word_1_96' title='bbox 1503 1935 1580 1986; x_wconf 90' lang='lat' dir='ltr'><strong>ut</strong></span> <span class='ocrx_word' id='word_1_97' title='bbox 1608 1921 1906 2008; x_wconf 79' lang='lat' dir='ltr'><strong>ingratiis</strong></span> <span class='ocrx_word' id='word_1_98' title='bbox 1947 1921 2026 1986; x_wconf 85' lang='lat' dir='ltr'><strong>ad</strong></span> <span class='ocrx_word' id='word_1_99' title='bbox 2051 1921 2261 2010; x_wconf 84' lang='lat' dir='ltr'><strong>depu-</strong></span> 
     </span>
     <span class='ocr_line' id='line_1_16' title="bbox 555 2024 2364 2112; baseline 0.003 -22"><span class='ocrx_word' id='word_1_100' title='bbox 555 2024 894 2112; x_wconf 85' lang='lat' dir='ltr'><strong>gnandum</strong></span> <span class='ocrx_word' id='word_1_101' title='bbox 938 2046 1167 2091; x_wconf 81' lang='lat' dir='ltr'><strong>omnes</strong></span> <span class='ocrx_word' id='word_1_102' title='bbox 1219 2039 1630 2112; x_wconf 82' lang='lat' dir='ltr'><strong>cogerentur.</strong></span> <span class='ocrx_word' id='word_1_103' title='bbox 1719 2025 1866 2090; x_wconf 84' lang='lat' dir='ltr'><strong>Hac</strong></span> <span class='ocrx_word' id='word_1_104' title='bbox 1897 2047 1968 2088; x_wconf 89' lang='lat' dir='ltr'><strong>re</strong></span> <span class='ocrx_word' id='word_1_105' title='bbox 2006 2024 2256 2106; x_wconf 78' lang='lat' dir='ltr'><strong>audita,</strong></span> <span class='ocrx_word' id='word_1_106' title='bbox 2301 2044 2364 2096; x_wconf 72' lang='lat'><strong>¹5</strong></span> 
     </span>
     <span class='ocr_line' id='line_1_17' title="bbox 552 2125 2260 2215; baseline 0.001 -22"><span class='ocrx_word' id='word_1_107' title='bbox 552 2126 859 2193; x_wconf 75' lang='lat' dir='ltr'><strong>barbarus</strong></span> <span class='ocrx_word' id='word_1_108' title='bbox 918 2126 1082 2192; x_wconf 84' lang='lat' dir='ltr'><strong>nihil</strong></span> <span class='ocrx_word' id='word_1_109' title='bbox 1132 2125 1275 2192; x_wconf 81' lang='lat' dir='ltr'><strong>&#39;doli</strong></span> <span class='ocrx_word' id='word_1_110' title='bbox 1327 2126 1566 2192; x_wconf 83' lang='lat' dir='ltr'><strong>subeffe</strong></span> <span class='ocrx_word' id='word_1_111' title='bbox 1611 2127 1903 2207; x_wconf 68' lang='lat' dir='ltr'><strong>credetne,</strong></span> <span class='ocrx_word' id='word_1_112' title='bbox 1959 2127 2260 2215; x_wconf 86' lang='lat' dir='ltr'><strong>postridie</strong></span> 
     </span>
     <span class='ocr_line' id='line_1_18' title="bbox 554 2229 2257 2317; baseline 0.002 -23"><span class='ocrx_word' id='word_1_113' title='bbox 554 2229 931 2297; x_wconf 83' lang='lat' dir='ltr'><strong>alieniffimo</strong></span> <span class='ocrx_word' id='word_1_114' title='bbox 960 2232 1071 2298; x_wconf 90' lang='lat' dir='ltr'><strong>fibi</strong></span> <span class='ocrx_word' id='word_1_115' title='bbox 1097 2231 1270 2313; x_wconf 87' lang='lat' dir='ltr'><strong>loco,</strong></span> <span class='ocrx_word' id='word_1_116' title='bbox 1297 2243 1526 2297; x_wconf 85' lang='lat' dir='ltr'><strong>contra</strong></span> <span class='ocrx_word' id='word_1_117' title='bbox 1551 2231 2076 2317; x_wconf 85' lang='lat' dir='ltr'><strong>opportuniffimo</strong></span> <span class='ocrx_word' id='word_1_118' title='bbox 2106 2231 2257 2297; x_wconf 69' lang='lat' dir='ltr'><strong>hos0·</strong></span> 
     </span>
     <span class='ocr_line' id='line_1_19' title="bbox 553 2332 2254 2421; baseline 0.002 -25"><span class='ocrx_word' id='word_1_119' title='bbox 553 2332 753 2414; x_wconf 78' lang='lat' dir='ltr'><strong>tibus,</strong></span> <span class='ocrx_word' id='word_1_120' title='bbox 785 2335 947 2399; x_wconf 86' lang='lat' dir='ltr'><strong>adeo</strong></span> <span class='ocrx_word' id='word_1_121' title='bbox 974 2336 1240 2421; x_wconf 83' lang='lat' dir='ltr'><strong>angusto</strong></span> <span class='ocrx_word' id='word_1_122' title='bbox 1270 2333 1434 2398; x_wconf 86' lang='lat' dir='ltr'><strong>mari</strong></span> <span class='ocrx_word' id='word_1_123' title='bbox 1465 2332 1778 2413; x_wconf 83' lang='lat' dir='ltr'><strong>conflixit,</strong></span> <span class='ocrx_word' id='word_1_124' title='bbox 1808 2344 1884 2398; x_wconf 90' lang='lat' dir='ltr'><strong>ut</strong></span> <span class='ocrx_word' id='word_1_125' title='bbox 1909 2332 2050 2420; x_wconf 86' lang='lat' dir='ltr'><strong>ejus</strong></span> <span class='ocrx_word' id='word_1_126' title='bbox 2080 2334 2254 2399; x_wconf 78' lang='lat' dir='ltr'><strong>mul-</strong></span> 
     </span>
     <span class='ocr_line' id='line_1_20' title="bbox 550 2435 2255 2525; baseline 0.004 -26"><span class='ocrx_word' id='word_1_127' title='bbox 550 2435 772 2502; x_wconf 85' lang='lat' dir='ltr'><strong>titudo</strong></span> <span class='ocrx_word' id='word_1_128' title='bbox 813 2438 1071 2504; x_wconf 87' lang='lat' dir='ltr'><strong>navium</strong></span> <span class='ocrx_word' id='word_1_129' title='bbox 1103 2436 1407 2524; x_wconf 73' lang='lat' dir='ltr'><strong>explicari</strong></span> <span class='ocrx_word' id='word_1_130' title='bbox 1449 2458 1578 2501; x_wconf 85' lang='lat' dir='ltr'><strong>non</strong></span> <span class='ocrx_word' id='word_1_131' title='bbox 1623 2437 1932 2522; x_wconf 88' lang='lat' dir='ltr'><strong>potuerit.</strong></span> <span class='ocrx_word' id='word_1_132' title='bbox 2023 2438 2255 2525; x_wconf 58' lang='lat' dir='ltr'><strong>Victus</strong></span> 
     </span>
     <span class='ocr_line' id='line_1_21' title="bbox 551 2538 2356 2627; baseline 0 -26"><span class='ocrx_word' id='word_1_133' title='bbox 551 2558 715 2624; x_wconf 88' lang='lat' dir='ltr'><strong>ergo</strong></span> <span class='ocrx_word' id='word_1_134' title='bbox 742 2541 829 2603; x_wconf 91' lang='lat' dir='ltr'><strong>est</strong></span> <span class='ocrx_word' id='word_1_135' title='bbox 860 2540 1071 2627; x_wconf 86' lang='lat' dir='ltr'><strong>magis</strong></span> <span class='ocrx_word' id='word_1_136' title='bbox 1116 2538 1376 2604; x_wconf 83' lang='lat' dir='ltr'><strong>confilio</strong></span> <span class='ocrx_word' id='word_1_137' title='bbox 1405 2538 1880 2621; x_wconf 85' lang='lat' dir='ltr'><strong>Themistoclis,</strong></span> <span class='ocrx_word' id='word_1_138' title='bbox 1913 2562 2110 2627; x_wconf 87' lang='lat' dir='ltr'><strong>quam</strong></span> <span class='ocrx_word' id='word_1_139' title='bbox 2143 2564 2248 2607; x_wconf 85' lang='lat' dir='ltr'><strong>ar·</strong></span> <span class='ocrx_word' id='word_1_140' title='bbox 2289 2564 2356 2603; x_wconf 64' lang='grc' dir='ltr'><strong>πο</strong></span> 
     </span>
     <span class='ocr_line' id='line_1_22' title="bbox 549 2638 1009 2705; baseline 0.007 -3"><span class='ocrx_word' id='word_1_141' title='bbox 549 2638 677 2703; x_wconf 83' lang='lat' dir='ltr'><strong>mis</strong></span> <span class='ocrx_word' id='word_1_142' title='bbox 710 2642 1009 2705; x_wconf 78' lang='lat' dir='ltr'><strong>Graeciae.</strong></span> 
     </span>
    </p>

    <p class='ocr_par' dir='ltr' id='par_1_4' title="bbox 524 2740 2346 3648">
     <span class='ocr_line' id='line_1_23' title="bbox 634 2740 2249 2831; baseline 0.005 -25"><span class='ocrx_word' id='word_1_143' title='bbox 634 2741 723 2806; x_wconf 89' lang='lat' dir='ltr'><strong>V.</strong></span> <span class='ocrx_word' id='word_1_144' title='bbox 756 2740 890 2805; x_wconf 87' lang='lat' dir='ltr'><strong>Hic</strong></span> <span class='ocrx_word' id='word_1_145' title='bbox 909 2741 1213 2807; x_wconf 80' lang='lat' dir='ltr'><strong>barbarus</strong></span> <span class='ocrx_word' id='word_1_146' title='bbox 1236 2742 1346 2807; x_wconf 89' lang='lat' dir='ltr'><strong>etfi</strong></span> <span class='ocrx_word' id='word_1_147' title='bbox 1367 2740 1538 2807; x_wconf 85' lang='lat' dir='ltr'><strong>male</strong></span> <span class='ocrx_word' id='word_1_148' title='bbox 1557 2764 1690 2807; x_wconf 89' lang='lat' dir='ltr'><strong>rem</strong></span> <span class='ocrx_word' id='word_1_149' title='bbox 1712 2742 2005 2831; x_wconf 73' lang='lat' dir='ltr'><strong>gesserat,</strong></span> <span class='ocrx_word' id='word_1_150' title='bbox 2029 2757 2249 2815; x_wconf 81' lang='lat' dir='ltr'><strong>tamen</strong></span> 
     </span>
     <span class='ocr_line' id='line_1_24' title="bbox 543 2844 2244 2933; baseline 0.005 -25"><span class='ocrx_word' id='word_1_151' title='bbox 543 2852 757 2910; x_wconf 59' lang='lat' dir='ltr'><strong>tanoes</strong></span> <span class='ocrx_word' id='word_1_152' title='bbox 812 2844 1095 2909; x_wconf 83' lang='lat' dir='ltr'><strong>habebat</strong></span> <span class='ocrx_word' id='word_1_153' title='bbox 1149 2844 1456 2931; x_wconf 81' lang='lat' dir='ltr'><strong>reliquias</strong></span> <span class='ocrx_word' id='word_1_154' title='bbox 1517 2845 1870 2931; x_wconf 81' lang='lat' dir='ltr'><strong>copiarum,</strong></span> <span class='ocrx_word' id='word_1_155' title='bbox 1921 2859 1999 2913; x_wconf 89' lang='lat' dir='ltr'><strong>ut</strong></span> <span class='ocrx_word' id='word_1_156' title='bbox 2050 2850 2244 2933; x_wconf 66' lang='lat' dir='ltr'><strong>etiam</strong></span> 
     </span>
     <span class='ocr_line' id='line_1_25' title="bbox 542 2950 2245 3039; baseline 0.005 -27"><span class='ocrx_word' id='word_1_157' title='bbox 542 2968 695 3013; x_wconf 86' lang='lat' dir='ltr'><strong>cum</strong></span> <span class='ocrx_word' id='word_1_158' title='bbox 736 2950 840 3016; x_wconf 86' lang='lat' dir='ltr'><strong>his</strong></span> <span class='ocrx_word' id='word_1_159' title='bbox 885 2952 1249 3039; x_wconf 82' lang='lat' dir='ltr'><strong>opprimere</strong></span> <span class='ocrx_word' id='word_1_160' title='bbox 1273 2951 1478 3039; x_wconf 78' lang='lat' dir='ltr'><strong>pofl&#39;et</strong></span> <span class='ocrx_word' id='word_1_161' title='bbox 1519 2951 1752 3017; x_wconf 75' lang='lat' dir='ltr'><strong>hostes,</strong></span> <span class='ocrx_word' id='word_1_162' title='bbox 1842 2954 2110 3020; x_wconf 86' lang='lat' dir='ltr'><strong>Interim</strong></span> <span class='ocrx_word' id='word_1_163' title='bbox 2141 2970 2245 3021; x_wconf 86' lang='lat' dir='ltr'><strong>ta-</strong></span> 
     </span>
     <span class='ocr_line' id='line_1_26' title="bbox 542 3054 2346 3142; baseline 0.005 -28"><span class='ocrx_word' id='word_1_164' title='bbox 542 3070 695 3115; x_wconf 87' lang='lat' dir='ltr'><strong>men</strong></span> <span class='ocrx_word' id='word_1_165' title='bbox 726 3054 807 3116; x_wconf 89' lang='lat' dir='ltr'><strong>ab</strong></span> <span class='ocrx_word' id='word_1_166' title='bbox 840 3056 1070 3119; x_wconf 89' lang='lat' dir='ltr'><strong>eodem</strong></span> <span class='ocrx_word' id='word_1_167' title='bbox 1101 3054 1307 3142; x_wconf 87' lang='lat' dir='ltr'><strong>gradu</strong></span> <span class='ocrx_word' id='word_1_168' title='bbox 1337 3054 1638 3141; x_wconf 85' lang='lat' dir='ltr'><strong>depulsus</strong></span> <span class='ocrx_word' id='word_1_169' title='bbox 1669 3056 1776 3121; x_wconf 90' lang='lat' dir='ltr'><strong>est.</strong></span> <span class='ocrx_word' id='word_1_170' title='bbox 1849 3058 2029 3121; x_wconf 85' lang='lat' dir='ltr'><strong>Nam</strong></span> <span class='ocrx_word' id='word_1_171' title='bbox 2057 3060 2241 3127; x_wconf 88' lang='lat' dir='ltr'><strong>The·</strong></span> <span class='ocrx_word' id='word_1_172' title='bbox 2279 3084 2346 3137; x_wconf 72' lang='lat'><strong>²5</strong></span> 
     </span>
     <span class='ocr_line' id='line_1_27' title="bbox 542 3151 2240 3244; baseline 0.007 -29"><span class='ocrx_word' id='word_1_173' title='bbox 542 3151 885 3235; x_wconf 81' lang='lat' dir='ltr'><strong>mistocleS,</strong></span> <span class='ocrx_word' id='word_1_174' title='bbox 920 3178 1143 3221; x_wconf 86' lang='lat' dir='ltr'><strong>verens</strong></span> <span class='ocrx_word' id='word_1_175' title='bbox 1174 3180 1256 3221; x_wconf 89' lang='lat' dir='ltr'><strong>ne</strong></span> <span class='ocrx_word' id='word_1_176' title='bbox 1285 3157 1527 3223; x_wconf 86' lang='lat' dir='ltr'><strong>bellare</strong></span> <span class='ocrx_word' id='word_1_177' title='bbox 1569 3158 2010 3244; x_wconf 81' lang='lat' dir='ltr'><strong>perseveraret,</strong></span> <span class='ocrx_word' id='word_1_178' title='bbox 2045 3163 2240 3227; x_wconf 77' lang='lat' dir='ltr'><strong>certi-</strong></span> 
     </span>
     <span class='ocr_line' id='line_1_28' title="bbox 536 3256 2238 3353; baseline 0.007 -34"><span class='ocrx_word' id='word_1_179' title='bbox 536 3276 717 3319; x_wconf 88' lang='lat' dir='ltr'><strong>orem</strong></span> <span class='ocrx_word' id='word_1_180' title='bbox 762 3278 915 3321; x_wconf 87' lang='lat' dir='ltr'><strong>eum</strong></span> <span class='ocrx_word' id='word_1_181' title='bbox 960 3256 1116 3323; x_wconf 88' lang='lat' dir='ltr'><strong>fecit</strong></span> <span class='ocrx_word' id='word_1_182' title='bbox 1158 3260 1225 3323; x_wconf 88' lang='lat' dir='ltr'><strong>id</strong></span> <span class='ocrx_word' id='word_1_183' title='bbox 1270 3260 1404 3348; x_wconf 80' lang='lat' dir='ltr'><strong>agi,</strong></span> <span class='ocrx_word' id='word_1_184' title='bbox 1445 3274 1524 3326; x_wconf 86' lang='lat' dir='ltr'><strong>ut</strong></span> <span class='ocrx_word' id='word_1_185' title='bbox 1561 3283 1746 3347; x_wconf 73' lang='lat' dir='ltr'><strong>pone,</strong></span> <span class='ocrx_word' id='word_1_186' title='bbox 1779 3284 1976 3349; x_wconf 88' lang='lat' dir='ltr'><strong>quem</strong></span> <span class='ocrx_word' id='word_1_187' title='bbox 2019 3264 2132 3353; x_wconf 80' lang='lat' dir='ltr'><strong>ille</strong></span> <span class='ocrx_word' id='word_1_188' title='bbox 2170 3265 2238 3331; x_wconf 88' lang='lat' dir='ltr'><strong>in</strong></span> 
     </span>
     <span class='ocr_line' id='line_1_29' title="bbox 532 3356 2238 3447; baseline 0.006 -26"><span class='ocrx_word' id='word_1_189' title='bbox 532 3356 961 3447; x_wconf 86' lang='lat' dir='ltr'><strong>Hellesponto</strong></span> <span class='ocrx_word' id='word_1_190' title='bbox 1008 3359 1265 3440; x_wconf 82' lang='lat' dir='ltr'><strong>fecerat,</strong></span> <span class='ocrx_word' id='word_1_191' title='bbox 1299 3361 1760 3444; x_wconf 85' lang='lat' dir='ltr'><strong>diffolveretur,</strong></span> <span class='ocrx_word' id='word_1_192' title='bbox 1791 3386 1868 3429; x_wconf 86' lang='lat' dir='ltr'><strong>ac</strong></span> <span class='ocrx_word' id='word_1_193' title='bbox 1907 3365 2124 3432; x_wconf 87' lang='lat' dir='ltr'><strong>reditu</strong></span> <span class='ocrx_word' id='word_1_194' title='bbox 2169 3367 2238 3431; x_wconf 87' lang='lat' dir='ltr'><strong>in</strong></span> 
     </span>
     <span class='ocr_line' id='line_1_30' title="bbox 533 3458 2234 3552; baseline 0.007 -31"><span class='ocrx_word' id='word_1_195' title='bbox 533 3458 753 3523; x_wconf 86' lang='lat' dir='ltr'><strong>Afiatn</strong></span> <span class='ocrx_word' id='word_1_196' title='bbox 804 3461 1253 3527; x_wconf 83' lang='lat' dir='ltr'><strong>excluderetur</strong></span> <span class='ocrx_word' id='word_1_197' title='bbox 1272 3488 1291 3543; x_wconf 85' lang='lat'><em>3</em></span> <span class='ocrx_word' id='word_1_198' title='bbox 1341 3464 1536 3549; x_wconf 89' lang='lat' dir='ltr'><strong>idque</strong></span> <span class='ocrx_word' id='word_1_199' title='bbox 1584 3465 1645 3529; x_wconf 89' lang='lat' dir='ltr'><strong>ei</strong></span> <span class='ocrx_word' id='word_1_200' title='bbox 1689 3467 2006 3552; x_wconf 78' lang='lat' dir='ltr'><strong>persuasit.</strong></span> <span class='ocrx_word' id='word_1_201' title='bbox 2099 3470 2234 3533; x_wconf 83' lang='lat' dir='ltr'><strong>Ita-</strong></span> 
     </span>
     <span class='ocr_line' id='line_1_31' title="bbox 524 3562 2338 3648; baseline 0.007 -25"><span class='ocrx_word' id='word_1_202' title='bbox 524 3580 667 3645; x_wconf 82' lang='lat' dir='ltr'><strong>que</strong></span> <span class='ocrx_word' id='word_1_203' title='bbox 697 3583 826 3645; x_wconf 87' lang='lat' dir='ltr'><strong>qua</strong></span> <span class='ocrx_word' id='word_1_204' title='bbox 866 3562 973 3628; x_wconf 87' lang='lat' dir='ltr'><strong>sex</strong></span> <span class='ocrx_word' id='word_1_205' title='bbox 1022 3564 1345 3629; x_wconf 87' lang='lat' dir='ltr'><strong>menfibus</strong></span> <span class='ocrx_word' id='word_1_206' title='bbox 1385 3566 1506 3630; x_wconf 86' lang='lat' dir='ltr'><strong>iter</strong></span> <span class='ocrx_word' id='word_1_207' title='bbox 1549 3566 1812 3648; x_wconf 86' lang='lat' dir='ltr'><strong>fecerat,</strong></span> <span class='ocrx_word' id='word_1_208' title='bbox 1845 3571 2070 3635; x_wconf 83' lang='lat' dir='ltr'><strong>eadem</strong></span> <span class='ocrx_word' id='word_1_209' title='bbox 2103 3570 2232 3635; x_wconf 82' lang='lat' dir='ltr'><strong>mi-</strong></span> <span class='ocrx_word' id='word_1_210' title='bbox 2273 3597 2338 3645; x_wconf 60' lang='lat'><strong>20</strong></span> 
     </span>
    </p>
   </div>
   <div class='ocr_carea' id='block_1_3' title="bbox 526 3662 2258 3853">
    <p class='ocr_par' dir='ltr' id='par_1_5' title="bbox 526 3662 2258 3853">
     <span class='ocr_line' id='line_1_32' title="bbox 526 3662 2234 3760; baseline 0.009 -36"><span class='ocrx_word' id='word_1_211' title='bbox 526 3682 659 3727; x_wconf 86' lang='lat' dir='ltr'><strong>-nus</strong></span> <span class='ocrx_word' id='word_1_212' title='bbox 692 3662 920 3730; x_wconf 86' lang='lat' dir='ltr'><strong>diebus</strong></span> <span class='ocrx_word' id='word_1_213' title='bbox 952 3668 1221 3755; x_wconf 84' lang='lat' dir='ltr'><strong>triginta</strong></span> <span class='ocrx_word' id='word_1_214' title='bbox 1246 3667 1316 3731; x_wconf 86' lang='lat' dir='ltr'><strong>in</strong></span> <span class='ocrx_word' id='word_1_215' title='bbox 1345 3668 1558 3733; x_wconf 71' lang='lat' dir='ltr'><strong>Asiam</strong></span> <span class='ocrx_word' id='word_1_216' title='bbox 1588 3671 1868 3737; x_wconf 72' lang='lat' dir='ltr'><strong>reversus</strong></span> <span class='ocrx_word' id='word_1_217' title='bbox 1899 3674 2008 3751; x_wconf 88' lang='lat' dir='ltr'><strong>est,</strong></span> <span class='ocrx_word' id='word_1_218' title='bbox 2041 3674 2234 3760; x_wconf 85' lang='lat' dir='ltr'><strong>seque</strong></span> 
     </span>
     <span class='ocr_line' id='line_1_33' title="bbox 1980 3775 2258 3853; baseline 0.007 -15"><span class='ocrx_word' id='word_1_219' title='bbox 1980 3796 2022 3838; x_wconf 87' lang='lat' dir='ltr'><strong>a</strong></span> <span class='ocrx_word' id='word_1_220' title='bbox 2047 3775 2228 3839; x_wconf 84' lang='lat' dir='ltr'><strong>The·</strong></span> <span class='ocrx_word' id='word_1_221' title='bbox 2244 3840 2258 3853; x_wconf 77' lang='lat'>‚</span> 
     </span>
    </p>
   </div>
  </div>
 </body>
</html>
