2587 4402
608 433 692 499 26
1222 449 1307 497 ra
1322 448 1685 501 usai-tras.

609 587 808 665 tione,
833 586 1118 675 cogitata
1145 587 1467 674 patefecit.
1538 589 1719 655 ·Non,
1742 584 1914 649 enim
1946 604 2157 647 mores
2184 602 2303 669 pa·

607 691 766 753 trios
795 687 1024 767 solum,
1051 689 1156 752 sed
1181 689 1381 753 etiam
1410 688 1689 767 cultum,
1712 687 2136 771 vestitumque
2160 706 2307 749 mu-

611 792 796 856 tavit.
885 791 1220 876 Apparatu
1250 788 1433 875 regio
1462 790 1785 868 utebatur,
1812 789 1977 853 veste
2005 784 2301 851 Medica·

611 892 910 957 satellites
955 890 1141 954 Medi
1189 903 1256 954 et
1283 890 1583 978 AEgyptii
1630 890 2096 976 sequebantur.
2144 909 2305 972 epu-

610 994 863 1059 labatur
916 1014 1094 1055 more
1127 992 1451 1057 Persarum
1495 992 1895 1070 luxuriosius,
1934 1012 2153 1076 quam,
2192 986 2308 1074 qui
2345 994 2374 1047 5

613 1096 904 1173 aderant,
965 1092 1208 1181 perpeti
1267 1093 1555 1180 poffent.
1626 1093 1875 1158 aditum
1936 1091 2311 1179 petentibus

613 1195 1042 1261 conveniendi
1093 1217 1223 1259 non
1275 1195 1509 1259 dabat.
1558 1193 1825 1282 superbe
1867 1191 2311 1278 respondebat,

614 1311 684 1363 et
713 1296 1054 1361 crudeliter
1084 1296 1485 1381 imperabat.
1534 1298 1831 1381 Spartam
1876 1296 2083 1359 redire
2126 1292 2311 1357 nole-

617 1401 768 1465 bat.
821 1397 1125 1476 ColonaS,
1161 1399 1276 1483 qui
1308 1398 1489 1462 locus
1536 1397 1602 1461 in
1634 1421 1794 1485 agro
1827 1396 2085 1463 Troade
2114 1376 2223 1475 est,
2254 1394 2315 1459 se

617 1500 1022 1565 contulerat.
1077 1499 1168 1562 ibi
1218 1500 1479 1563 confilia
1525 1522 1677 1565 cum
1724 1500 1968 1587 patriae,
2007 1512 2147 1563 tum
2206 1495 2317 1561 fibi
2357 1513 2421 1547 ιο

615 1601 882 1677 inimica
923 1572 1239 1688 capiebat.
1335 1600 1411 1665 Id
1457 1603 1789 1688 postquam
1830 1598 2317 1667 Lacedaemonii

617 1703 1029 1781 resciverunt,
1061 1702 1311 1789 legatos
1356 1701 1439 1765 ad
1466 1723 1619 1767 eum
1665 1724 1815 1767 cum
1845 1701 2085 1789 scytala
2126 1700 2317 1765 mise-

622 1819 820 1885 runt3
869 1805 938 1869 in
983 1827 1113 1891 qua
1157 1826 1339 1868 more
1372 1804 1627 1869 illorum
1667 1817 1803 1869 erat
1844 1804 2173 1891 scriptum,
2206 1798 2320 1865 nifi

625 1906 892 1971 domum
937 1917 1383 1985 reverteretur,
1413 1904 1475 1971 se
1518 1904 1745 1991 capitis
1774 1928 1925 1969 eum
1972 1904 2319 1971 damnatu-

623 2030 755 2071 ros·
846 2009 998 2071 Hoc
1041 2006 1274 2071 nuntio
1306 2020 1549 2087 motus,
1591 2007 1841 2093 sperans
1872 2007 1933 2071 se
1960 2007 2155 2071 etiam
2204 2028 2318 2091 pe-
2366 2028 2425 2080 ¹5

627 2109 820 2175 cunia
863 2122 930 2173 et
975 2107 1264 2194 potentia
1308 2108 1542 2173 instans
1582 2110 1945 2195 periculum
1998 2108 2165 2196 poffe
2202 2107 2323 2185 cle--⁸

627 2213 888 2300 pellere,
921 2211 1190 2276 domum
1219 2210 1435 2276 rediit.
1500 2213 1655 2276 Huc
1684 2224 1759 2277 ut
1788 2213 1985 2290 venit,
2012 2213 2093 2276 ab
2118 2211 2323 2298 epho-

627 2315 714 2378 ris
743 2314 812 2379 in
845 2312 1098 2378 vincula
1126 2311 1387 2397 publica
1403 2312 1731 2400 conjeEtus
1758 2317 1866 2380 est.
1908 2315 2099 2379 Licet
2126 2314 2327 2392 enim,

626 2416 890 2503 legibus
923 2437 1169 2493 eorum,
1213 2414 1417 2480 cuivis
1466 2417 1708 2502 ephoro
1751 2417 1878 2482 hoc
1905 2417 2113 2482 facere
2160 2416 2329 2503 regi.

635 2519 810 2582 Hinc
853 2529 1068 2580 tamen
1101 2517 1162 2582 se
1191 2517 1519 2602 expedivit
1538 2543 1558 2597 5
1608 2541 1819 2604 neque
1862 2541 1943 2583 eo
1970 2518 2179 2605 magis
2218 2539 2328 2582 ca·
2370 2553 2435 2588 ιο

633 2621 814 2684 rebat
861 2618 1253 2706 suspicione:
1325 2641 1472 2684 nam
1524 2620 1742 2706 opinio
1800 2622 2127 2700 manebat,
2178 2643 2331 2686 eum

635 2743 786 2784 cum
819 2721 1000 2806 Rege
1027 2718 1263 2812 habere
1292 2719 1682 2786 societatem.
1748 2724 1853 2786 Est
1878 2744 2089 2808 genus
2118 2721 2333 2808 quod-

635 2823 786 2888 dam
815 2821 1184 2898 hominum,
1215 2821 1397 2907 quod
1426 2823 1705 2887 Helotes
1736 2837 2023 2903 vocatur,
2056 2845 2337 2910 quorum

638 2947 879 3012 magna
919 2922 1272 2988 multitudo
1301 2945 1489 3010 agros
1530 2925 2175 2990 Lacedaemoniorum
2222 2947 2337 2990 co-

637 3026 739 3106 lit,
769 3027 1220 3110 servorumque
1257 3046 1525 3088 munere
1565 3025 1883 3114 fungitur.
1973 3029 2117 3092 Hos
2168 3049 2337 3114 quo-
2376 3067 2438 3120 25

639 3149 770 3215 que
811 3125 1123 3192 solicitare
1165 3125 1274 3212 spe
1317 3124 1631 3192 libertatis
1672 3129 2183 3208 existimabatur,
2233 3129 2343 3194 sed

647 3228 825 3322 quod
874 3226 1100 3292 harum
1145 3249 1361 3292 rerum
1402 3228 1655 3293 nullum
1698 3243 1832 3294 erat
1874 3244 2166 3318 apertum
2211 3231 2341 3295 cri-

649 3351 826 3410 men,
866 3350 998 3415 quo
1027 3327 1212 3414 argui
1249 3313 1470 3414 poffet,
1522 3352 1653 3394 non
1704 3332 2017 3418 putabant
2066 3331 2155 3396 de
2203 3330 2341 3411 tali,

649 3446 916 3522 tamque
966 3431 1142 3496 claro
1193 3429 1331 3494 viro
1381 3430 1841 3518 suspicionibus
1896 3447 2190 3520 oportere
2226 3435 2342 3521 ju-.

565 3626 572 3634 ·
649 3535 849 3600 dicari
871 3559 894 3616 3
940 3533 1050 3600 sed
1077 3531 1571 3620 expeefflndum,
1602 3536 1761 3601 dum
1791 3535 2010 3622 seipsa
2048 3559 2150 3600 res
2192 3557 2343 3623 ape·
2384 3569 2447 3618 30

649 3636 827 3705 riret.

780 3723 788 3732 ’
2076 3740 2197 3806 IV.
2235 3740 2347 3804 In-
