<?xml version="1.0" encoding="UTF-8"?>
<!DOCTYPE html PUBLIC "-//W3C//DTD XHTML 1.0 Transitional//EN"
    "http://www.w3.org/TR/xhtml1/DTD/xhtml1-transitional.dtd">
<html xmlns="http://www.w3.org/1999/xhtml" xml:lang="en" lang="en">
 <head>
  <title>
</title>
<meta http-equiv="Content-Type" content="text/html;charset=utf-8" />
  <meta name='ocr-system' content='tesseract 3.04.00' />
  <meta name='ocr-capabilities' content='ocr_page ocr_carea ocr_par ocr_line ocrx_word'/>
</head>
<body>
  <div class='ocr_page' id='page_1' title='image "./corneliinepotis30nepogoog_0038.png"; bbox 0 0 2587 4402; ppageno 0'>
   <div class='ocr_carea' id='block_1_1' title="bbox 557 476 1693 547">
    <p class='ocr_par' dir='ltr' id='par_1_1' title="bbox 557 476 1693 547">
     <span class='ocr_line' id='line_1_1' title="bbox 557 476 1693 547; baseline -0.002 0"><span class='ocrx_word' id='word_1_1' title='bbox 557 476 600 547; x_wconf 80' lang='lat'>8</span> <span class='ocrx_word' id='word_1_2' title='bbox 1172 491 1641 547; x_wconf 62' lang='lat' dir='ltr'><strong>aurnuns.</strong></span> <span class='ocrx_word' id='word_1_3' title='bbox 1685 490 1693 495; x_wconf 85' lang='grc'><em>·</em></span> 
     </span>
    </p>
   </div>
   <div class='ocr_carea' id='block_1_2' title="bbox 550 620 2374 2460">
    <p class='ocr_par' dir='ltr' id='par_1_2' title="bbox 550 620 2323 1441">
     <span class='ocr_line' id='line_1_2' title="bbox 556 620 2284 720; baseline 0.002 -24"><span class='ocrx_word' id='word_1_4' title='bbox 556 633 786 718; x_wconf 82' lang='lat' dir='ltr'><strong>Itaque</strong></span> <span class='ocrx_word' id='word_1_5' title='bbox 841 623 940 695; x_wconf 49' lang='lat' dir='ltr'><strong>in*</strong></span> <span class='ocrx_word' id='word_1_6' title='bbox 969 627 1199 712; x_wconf 86' lang='lat' dir='ltr'><strong>aciem,</strong></span> <span class='ocrx_word' id='word_1_7' title='bbox 1249 630 1545 719; x_wconf 87' lang='lat' dir='ltr'><strong>peditum</strong></span> <span class='ocrx_word' id='word_1_8' title='bbox 1602 641 1892 712; x_wconf 85' lang='lat' dir='ltr'><strong>centum,</strong></span> <span class='ocrx_word' id='word_1_9' title='bbox 1942 620 2284 720; x_wconf 49' lang='lat' dir='ltr'><strong>&#39;equitum&#39;</strong></span> 
     </span>
     <span class='ocr_line' id='line_1_3' title="bbox 556 730 2247 820; baseline 0 -21"><span class='ocrx_word' id='word_1_10' title='bbox 556 734 798 799; x_wconf 81' lang='lat' dir='ltr'><strong>decem&#39;</strong></span> <span class='ocrx_word' id='word_1_11' title='bbox 822 733 1032 819; x_wconf 78' lang='lat' dir='ltr'><strong>millia</strong></span> <span class='ocrx_word' id='word_1_12' title='bbox 1080 732 1409 820; x_wconf 84' lang='lat' dir='ltr'><strong>produxit,</strong></span> <span class='ocrx_word' id='word_1_13' title='bbox 1440 730 1861 819; x_wconf 62' lang='lat' dir='ltr'><strong>praeliumque</strong></span> <span class='ocrx_word' id='word_1_14' title='bbox 1907 732 2247 801; x_wconf 86' lang='lat' dir='ltr'><strong>commifit.</strong></span> 
     </span>
     <span class='ocr_line' id='line_1_4' title="bbox 556 826 2251 924; baseline -0.001 -23"><span class='ocrx_word' id='word_1_15' title='bbox 556 838 635 901; x_wconf 89' lang='lat' dir='ltr'><strong>In</strong></span> <span class='ocrx_word' id='word_1_16' title='bbox 666 858 800 924; x_wconf 87' lang='lat' dir='ltr'><strong>quo</strong></span> <span class='ocrx_word' id='word_1_17' title='bbox 837 826 1020 899; x_wconf 87' lang='lat' dir='ltr'><strong>tanto</strong></span> <span class='ocrx_word' id='word_1_18' title='bbox 1063 833 1208 921; x_wconf 85' lang='lat' dir='ltr'><strong>plus</strong></span> <span class='ocrx_word' id='word_1_19' title='bbox 1235 826 1475 900; x_wconf 45' lang='lat' dir='ltr'><strong>uirtute</strong></span> <span class='ocrx_word' id='word_1_20' title='bbox 1516 833 1859 899; x_wconf 84' lang='lat' dir='ltr'><strong>valuerunt</strong></span> <span class='ocrx_word' id='word_1_21' title='bbox 1884 834 2251 901; x_wconf 87' lang='lat' dir='ltr'><strong>Athenien-</strong></span> 
     </span>
     <span class='ocr_line' id='line_1_5' title="bbox 550 930 2323 1025; baseline -0.001 -20"><span class='ocrx_word' id='word_1_22' title='bbox 550 940 672 1021; x_wconf 73' lang='lat' dir='ltr'><strong>seS‚</strong></span> <span class='ocrx_word' id='word_1_23' title='bbox 700 951 779 1004; x_wconf 87' lang='lat' dir='ltr'><strong>ut</strong></span> <span class='ocrx_word' id='word_1_24' title='bbox 807 937 1276 1025; x_wconf 84' lang='lat' dir='ltr'><strong>decemplicem</strong></span> <span class='ocrx_word' id='word_1_25' title='bbox 1321 930 1665 1003; x_wconf 74' lang='lat' dir='ltr'><strong>numerum</strong></span> <span class='ocrx_word' id='word_1_26' title='bbox 1706 936 1988 1002; x_wconf 89' lang='lat' dir='ltr'><strong>hostium</strong></span> <span class='ocrx_word' id='word_1_27' title='bbox 2027 937 2251 1024; x_wconf 89' lang='lat' dir='ltr'><strong>profli-</strong></span> <span class='ocrx_word' id='word_1_28' title='bbox 2312 978 2323 980; x_wconf 35' lang='lat'><em>⁴</em></span> 
     </span>
     <span class='ocr_line' id='line_1_6' title="bbox 551 1032 2317 1138; baseline -0.001 -30"><span class='ocrx_word' id='word_1_29' title='bbox 551 1055 826 1138; x_wconf 82' lang='lat' dir='ltr'><strong>garent3</strong></span> <span class='ocrx_word' id='word_1_30' title='bbox 872 1041 1168 1129; x_wconf 84' lang='lat' dir='ltr'>adeoque</span> <span class='ocrx_word' id='word_1_31' title='bbox 1213 1032 1716 1129; x_wconf 61' lang='lat' dir='ltr'><strong>peiterruerunt,</strong></span> <span class='ocrx_word' id='word_1_32' title='bbox 1762 1053 1838 1108; x_wconf 89' lang='lat' dir='ltr'><strong>ut</strong></span> <span class='ocrx_word' id='word_1_33' title='bbox 1889 1041 2088 1107; x_wconf 81' lang='lat' dir='ltr'><strong>Persae</strong></span> <span class='ocrx_word' id='word_1_34' title='bbox 2118 1065 2247 1107; x_wconf 88' lang='lat' dir='ltr'><strong>non</strong></span> <span class='ocrx_word' id='word_1_35' title='bbox 2286 1072 2317 1121; x_wconf 84' lang='lat'>5</span> 
     </span>
     <span class='ocr_line' id='line_1_7' title="bbox 556 1142 2253 1231; baseline 0 -22"><span class='ocrx_word' id='word_1_36' title='bbox 556 1146 774 1225; x_wconf 85' lang='lat' dir='ltr'><strong>castra,</strong></span> <span class='ocrx_word' id='word_1_37' title='bbox 819 1142 928 1209; x_wconf 89' lang='lat' dir='ltr'><strong>sed</strong></span> <span class='ocrx_word' id='word_1_38' title='bbox 971 1164 1165 1207; x_wconf 77' lang='lat' dir='ltr'><strong>naves</strong></span> <span class='ocrx_word' id='word_1_39' title='bbox 1207 1153 1527 1231; x_wconf 86' lang='lat' dir='ltr'><strong>peterent.</strong></span> <span class='ocrx_word' id='word_1_40' title='bbox 1620 1143 1771 1209; x_wconf 78' lang='lat' dir='ltr'><strong>Qua</strong></span> <span class='ocrx_word' id='word_1_41' title='bbox 1819 1164 2041 1231; x_wconf 85' lang='lat' dir='ltr'><strong>pugna</strong></span> <span class='ocrx_word' id='word_1_42' title='bbox 2084 1144 2253 1210; x_wconf 87' lang='lat' dir='ltr'>nihil</span> 
     </span>
     <span class='ocr_line' id='line_1_8' title="bbox 552 1244 2251 1345; baseline 0 -32"><span class='ocrx_word' id='word_1_43' title='bbox 552 1248 768 1313; x_wconf 89' lang='lat' dir='ltr'><strong>adhuc</strong></span> <span class='ocrx_word' id='word_1_44' title='bbox 797 1248 884 1313; x_wconf 87' lang='lat' dir='ltr'><strong>est</strong></span> <span class='ocrx_word' id='word_1_45' title='bbox 920 1246 1232 1345; x_wconf 77' lang='lat' dir='ltr'><strong>nobilius,</strong></span> <span class='ocrx_word' id='word_1_46' title='bbox 1320 1245 1527 1312; x_wconf 90' lang='lat' dir='ltr'><strong>Nulla</strong></span> <span class='ocrx_word' id='word_1_47' title='bbox 1566 1244 1740 1311; x_wconf 89' lang='lat' dir='ltr'><strong>enim</strong></span> <span class='ocrx_word' id='word_1_48' title='bbox 1786 1268 2077 1334; x_wconf 86' lang='lat' dir='ltr'><strong>unquam</strong></span> <span class='ocrx_word' id='word_1_49' title='bbox 2112 1260 2251 1313; x_wconf 84' lang='lat' dir='ltr'><strong>tam</strong></span> 
     </span>
     <span class='ocr_line' id='line_1_9' title="bbox 553 1340 2171 1451; baseline -0.001 -34"><span class='ocrx_word' id='word_1_50' title='bbox 553 1352 793 1441; x_wconf 81' lang='lat' dir='ltr'><strong>exigua</strong></span> <span class='ocrx_word' id='word_1_51' title='bbox 821 1340 1050 1417; x_wconf 82' lang='lat' dir='ltr'><strong>manus</strong></span> <span class='ocrx_word' id='word_1_52' title='bbox 1078 1362 1289 1417; x_wconf 88' lang='lat' dir='ltr'><strong>tantas</strong></span> <span class='ocrx_word' id='word_1_53' title='bbox 1321 1372 1477 1451; x_wconf 76' lang='lat' dir='ltr'><strong>opes</strong></span> <span class='ocrx_word' id='word_1_54' title='bbox 1501 1350 1859 1437; x_wconf 81' lang='lat' dir='ltr'><strong>prostravit.</strong></span> <span class='ocrx_word' id='word_1_55' title='bbox 2160 1363 2171 1371; x_wconf 81' lang='grc'><em>·</em></span> 
     </span>
    </p>

    <p class='ocr_par' dir='ltr' id='par_1_3' title="bbox 550 1452 2374 2460">
     <span class='ocr_line' id='line_1_10' title="bbox 607 1452 2253 1543; baseline 0.001 -22"><span class='ocrx_word' id='word_1_56' title='bbox 607 1456 737 1521; x_wconf 89' lang='lat' dir='ltr'><strong>VI.</strong></span> <span class='ocrx_word' id='word_1_57' title='bbox 763 1454 966 1543; x_wconf 84' lang='lat' dir='ltr'><strong>Cujus</strong></span> <span class='ocrx_word' id='word_1_58' title='bbox 983 1452 1296 1533; x_wconf 55' lang='lat' dir='ltr'><strong>vietoriae,</strong></span> <span class='ocrx_word' id='word_1_59' title='bbox 1316 1474 1449 1517; x_wconf 85' lang='lat' dir='ltr'><strong>non</strong></span> <span class='ocrx_word' id='word_1_60' title='bbox 1469 1452 1749 1517; x_wconf 87' lang='lat' dir='ltr'><strong>alienum</strong></span> <span class='ocrx_word' id='word_1_61' title='bbox 1768 1452 2045 1536; x_wconf 82' lang='lat' dir='ltr'><strong>videtur,</strong></span> <span class='ocrx_word' id='word_1_62' title='bbox 2060 1455 2253 1543; x_wconf 78' lang='lat' dir='ltr'><strong>quale</strong></span> 
     </span>
     <span class='ocr_line' id='line_1_11' title="bbox 550 1554 2351 1647; baseline 0.001 -24"><span class='ocrx_word' id='word_1_63' title='bbox 550 1558 890 1645; x_wconf 67' lang='lat' dir='ltr'><strong>praemium</strong></span> <span class='ocrx_word' id='word_1_64' title='bbox 935 1554 1228 1622; x_wconf 83' lang='lat' dir='ltr'>Miltiadi</span> <span class='ocrx_word' id='word_1_65' title='bbox 1273 1556 1349 1620; x_wconf 83' lang='lat' dir='ltr'><strong>fit</strong></span> <span class='ocrx_word' id='word_1_66' title='bbox 1399 1556 1742 1637; x_wconf 86' lang='lat' dir='ltr'><strong>tributum,</strong></span> <span class='ocrx_word' id='word_1_67' title='bbox 1792 1556 2071 1639; x_wconf 82' lang='lat' dir='ltr'><strong>docere3</strong></span> <span class='ocrx_word' id='word_1_68' title='bbox 2117 1582 2249 1647; x_wconf 92' lang='lat' dir='ltr'><strong>quo</strong></span> <span class='ocrx_word' id='word_1_69' title='bbox 2290 1590 2351 1625; x_wconf 81' lang='grc' dir='ltr'><strong>ιο</strong></span> 
     </span>
     <span class='ocr_line' id='line_1_12' title="bbox 551 1648 2247 1745; baseline 0.001 -20"><span class='ocrx_word' id='word_1_70' title='bbox 551 1648 804 1726; x_wconf 83' lang='lat' dir='ltr'><strong>facilius</strong></span> <span class='ocrx_word' id='word_1_71' title='bbox 831 1656 1111 1745; x_wconf 82' lang='lat' dir='ltr'><strong>intelligi</strong></span> <span class='ocrx_word' id='word_1_72' title='bbox 1139 1656 1349 1744; x_wconf 82' lang='lat' dir='ltr'><strong>poffit,</strong></span> <span class='ocrx_word' id='word_1_73' title='bbox 1380 1656 1651 1722; x_wconf 87' lang='lat' dir='ltr'><strong>eandem</strong></span> <span class='ocrx_word' id='word_1_74' title='bbox 1682 1658 1977 1723; x_wconf 87' lang='lat' dir='ltr'><strong>omnium</strong></span> <span class='ocrx_word' id='word_1_75' title='bbox 2020 1659 2247 1727; x_wconf 87' lang='lat' dir='ltr'><strong>civita-</strong></span> 
     </span>
     <span class='ocr_line' id='line_1_13' title="bbox 551 1758 2253 1851; baseline 0.002 -25"><span class='ocrx_word' id='word_1_76' title='bbox 551 1776 695 1827; x_wconf 86' lang='lat' dir='ltr'><strong>tum</strong></span> <span class='ocrx_word' id='word_1_77' title='bbox 745 1762 867 1829; x_wconf 84' lang='lat' dir='ltr'><strong>effe</strong></span> <span class='ocrx_word' id='word_1_78' title='bbox 923 1773 1243 1827; x_wconf 86' lang='lat' dir='ltr'><strong>naturam.</strong></span> <span class='ocrx_word' id='word_1_79' title='bbox 1334 1760 1435 1824; x_wconf 85' lang='lat' dir='ltr'><strong>Ut</strong></span> <span class='ocrx_word' id='word_1_80' title='bbox 1486 1758 1659 1825; x_wconf 87' lang='lat' dir='ltr'><strong>enim</strong></span> <span class='ocrx_word' id='word_1_81' title='bbox 1713 1761 1801 1851; x_wconf 52' lang='lat' dir='ltr'><strong>P„</strong></span> <span class='ocrx_word' id='word_1_82' title='bbox 1833 1762 1914 1826; x_wconf 85' lang='lat' dir='ltr'><strong>R.</strong></span> <span class='ocrx_word' id='word_1_83' title='bbox 1966 1760 2253 1830; x_wconf 77' lang='lat' dir='ltr'><strong>honores</strong></span> 
     </span>
     <span class='ocr_line' id='line_1_14' title="bbox 553 1852 2251 1953; baseline 0 -23"><span class='ocrx_word' id='word_1_84' title='bbox 553 1852 885 1953; x_wconf 67' lang='lat' dir='ltr'><strong>quondan)</strong></span> <span class='ocrx_word' id='word_1_85' title='bbox 935 1852 1224 1927; x_wconf 59' lang='lat' dir='ltr'><strong>fueiunt&#39;</strong></span> <span class='ocrx_word' id='word_1_86' title='bbox 1249 1852 1375 1926; x_wconf 81' lang='lat' dir='ltr'><strong>r&#39;ari</strong></span> <span class='ocrx_word' id='word_1_87' title='bbox 1400 1852 1493 1925; x_wconf 59' lang='lat' dir='ltr'><strong>&#39;et</strong></span> <span class='ocrx_word' id='word_1_88' title='bbox 1540 1872 1793 1942; x_wconf 76' lang='lat' dir='ltr'><strong>tenues,</strong></span> <span class='ocrx_word' id='word_1_89' title='bbox 1838 1856 2251 1950; x_wconf 67' lang='lat' dir='ltr'><strong>ob&#39;·eamque</strong></span> 
     </span>
     <span class='ocr_line' id='line_1_15' title="bbox 553 1958 2249 2052; baseline 0.001 -24"><span class='ocrx_word' id='word_1_90' title='bbox 553 1965 804 2030; x_wconf 81' lang='lat' dir='ltr'><strong>causam</strong></span> <span class='ocrx_word' id='word_1_91' title='bbox 831 1962 1084 2052; x_wconf 71' lang='lat' dir='ltr'><strong>gloriosi</strong></span> <span class='ocrx_word' id='word_1_92' title='bbox 1088 1982 1114 2044; x_wconf 68' lang='lat' dir='ltr'>j</span> <span class='ocrx_word' id='word_1_93' title='bbox 1143 1984 1319 2029; x_wconf 78' lang='lat' dir='ltr'><strong>nunc</strong></span> <span class='ocrx_word' id='word_1_94' title='bbox 1348 1973 1574 2026; x_wconf 86' lang='lat' dir='ltr'><strong>autem·</strong></span> <span class='ocrx_word' id='word_1_95' title='bbox 1604 1961 1800 2041; x_wconf 76' lang='lat' dir='ltr'><strong>effufi,</strong></span> <span class='ocrx_word' id='word_1_96' title='bbox 1832 1973 2031 2051; x_wconf 89' lang='lat' dir='ltr'><strong>atque</strong></span> <span class='ocrx_word' id='word_1_97' title='bbox 2056 1958 2249 2030; x_wconf 79' lang='lat' dir='ltr'><strong>obso-</strong></span> 
     </span>
     <span class='ocr_line' id='line_1_16' title="bbox 550 2058 2374 2154; baseline 0.001 -24"><span class='ocrx_word' id='word_1_98' title='bbox 550 2066 666 2130; x_wconf 86' lang='lat' dir='ltr'><strong>leti</strong></span> <span class='ocrx_word' id='word_1_99' title='bbox 690 2092 711 2148; x_wconf 69' lang='grc' dir='ltr'><strong><em>ς</em></strong></span> <span class='ocrx_word' id='word_1_100' title='bbox 759 2066 840 2131; x_wconf 82' lang='lat' dir='ltr'><strong>fic</strong></span> <span class='ocrx_word' id='word_1_101' title='bbox 889 2064 1050 2131; x_wconf 85' lang='lat' dir='ltr'><strong>olim</strong></span> <span class='ocrx_word' id='word_1_102' title='bbox 1081 2058 1729 2152; x_wconf 61' lang='lat' dir='ltr'><strong>&#39;apud·Athenienses</strong></span> <span class='ocrx_word' id='word_1_103' title='bbox 1776 2063 1959 2131; x_wconf 85' lang='lat' dir='ltr'><strong>fuiffe</strong></span> <span class='ocrx_word' id='word_1_104' title='bbox 2004 2067 2247 2154; x_wconf 87' lang='lat' dir='ltr'><strong>reperi-</strong></span> <span class='ocrx_word' id='word_1_105' title='bbox 2288 2096 2374 2147; x_wconf 78' lang='lat'><strong>¹5·</strong></span> 
     </span>
     <span class='ocr_line' id='line_1_17' title="bbox 551 2165 2249 2259; baseline 0.001 -25"><span class='ocrx_word' id='word_1_106' title='bbox 551 2192 725 2236; x_wconf 76' lang='lat' dir='ltr'><strong>mus,</strong></span> <span class='ocrx_word' id='word_1_107' title='bbox 813 2170 1120 2256; x_wconf 80' lang='lat' dir='ltr'><strong>Namque</strong></span> <span class='ocrx_word' id='word_1_108' title='bbox 1177 2167 1335 2233; x_wconf 79' lang='lat' dir='ltr'><strong>huic</strong></span> <span class='ocrx_word' id='word_1_109' title='bbox 1390 2165 1705 2259; x_wconf 86' lang='lat' dir='ltr'><strong>Miltiadi,</strong></span> <span class='ocrx_word' id='word_1_110' title='bbox 1754 2166 1867 2254; x_wconf 91' lang='lat' dir='ltr'><strong>qui</strong></span> <span class='ocrx_word' id='word_1_111' title='bbox 1924 2169 2249 2251; x_wconf 72' lang='lat' dir='ltr'><strong>Athenae,</strong></span> 
     </span>
     <span class='ocr_line' id='line_1_18' title="bbox 552 2268 2249 2360; baseline 0.002 -24"><span class='ocrx_word' id='word_1_112' title='bbox 552 2285 890 2360; x_wconf 82' lang='lat' dir='ltr'><strong>totamque</strong></span> <span class='ocrx_word' id='word_1_113' title='bbox 923 2271 1245 2338; x_wconf 79' lang='lat' dir='ltr'><strong>Graeciam</strong></span> <span class='ocrx_word' id='word_1_114' title='bbox 1274 2268 1595 2350; x_wconf 84' lang='lat' dir='ltr'><strong>liberavit,</strong></span> <span class='ocrx_word' id='word_1_115' title='bbox 1627 2268 1773 2335; x_wconf 84' lang='lat' dir='ltr'><strong>talis</strong></span> <span class='ocrx_word' id='word_1_116' title='bbox 1802 2269 2023 2338; x_wconf 66' lang='lat' dir='ltr'><strong>honos</strong></span> <span class='ocrx_word' id='word_1_117' title='bbox 2041 2269 2249 2339; x_wconf 76' lang='lat' dir='ltr'><strong>tribu-</strong></span> 
     </span>
     <span class='ocr_line' id='line_1_19' title="bbox 551 2371 2283 2460; baseline 0.005 -24"><span class='ocrx_word' id='word_1_118' title='bbox 551 2387 660 2436; x_wconf 87' lang='lat' dir='ltr'><strong>tus</strong></span> <span class='ocrx_word' id='word_1_119' title='bbox 708 2375 794 2437; x_wconf 84' lang='lat' dir='ltr'><strong>est</strong></span> <span class='ocrx_word' id='word_1_120' title='bbox 839 2372 909 2436; x_wconf 86' lang='lat' dir='ltr'><strong>in</strong></span> <span class='ocrx_word' id='word_1_121' title='bbox 953 2372 1232 2460; x_wconf 86' lang='lat' dir='ltr'><strong>porticu,</strong></span> <span class='ocrx_word' id='word_1_122' title='bbox 1279 2391 1428 2458; x_wconf 87' lang='lat' dir='ltr'><strong>quae</strong></span> <span class='ocrx_word' id='word_1_123' title='bbox 1477 2371 1711 2438; x_wconf 78' lang='lat' dir='ltr'><strong>Poecile</strong></span> <span class='ocrx_word' id='word_1_124' title='bbox 1760 2385 2050 2456; x_wconf 81' lang='lat' dir='ltr'><strong>vocatur,</strong></span> <span class='ocrx_word' id='word_1_125' title='bbox 2096 2399 2283 2444; x_wconf 83' lang='lat' dir='ltr'><strong>eum</strong></span> 
     </span>
    </p>
   </div>
   <div class='ocr_carea' id='block_1_3' title="bbox 425 2471 2249 2576">
    <p class='ocr_par' dir='ltr' id='par_1_4' title="bbox 425 2471 2249 2576">
     <span class='ocr_line' id='line_1_20' title="bbox 425 2471 2249 2576; baseline 0.004 -35"><span class='ocrx_word' id='word_1_126' title='bbox 425 2492 431 2499; x_wconf 84' lang='lat'><strong>·</strong></span> <span class='ocrx_word' id='word_1_127' title='bbox 551 2499 774 2564; x_wconf 86' lang='lat' dir='ltr'><strong>pugna</strong></span> <span class='ocrx_word' id='word_1_128' title='bbox 824 2476 1282 2576; x_wconf 83' lang='lat' dir='ltr'><strong>depingeretur</strong></span> <span class='ocrx_word' id='word_1_129' title='bbox 1324 2475 1762 2558; x_wconf 81' lang='lat' dir='ltr'><strong>Marathonia,</strong></span> <span class='ocrx_word' id='word_1_130' title='bbox 1805 2491 1885 2544; x_wconf 84' lang='lat' dir='ltr'><strong>ut</strong></span> <span class='ocrx_word' id='word_1_131' title='bbox 1918 2478 2003 2544; x_wconf 89' lang='lat' dir='ltr'><strong>in·</strong></span> <span class='ocrx_word' id='word_1_132' title='bbox 2018 2471 2249 2548; x_wconf 84' lang='lat' dir='ltr'><strong>decem</strong></span> 
     </span>
    </p>
   </div>
   <div class='ocr_carea' id='block_1_4' title="bbox 535 2577 2375 3878">
    <p class='ocr_par' dir='ltr' id='par_1_5' title="bbox 547 2577 2375 2973">
     <span class='ocr_line' id='line_1_21' title="bbox 550 2577 2375 2672; baseline 0.003 -30"><span class='ocrx_word' id='word_1_133' title='bbox 550 2593 900 2672; x_wconf 60' lang='lat' dir='ltr'><strong>praetorum</strong></span> <span class='ocrx_word' id='word_1_134' title='bbox 931 2599 1204 2644; x_wconf 71' lang='lat' dir='ltr'><strong>numero</strong></span> <span class='ocrx_word' id='word_1_135' title='bbox 1232 2577 1440 2664; x_wconf 75' lang='lat' dir='ltr'><strong>prima</strong></span> <span class='ocrx_word' id='word_1_136' title='bbox 1468 2577 1607 2666; x_wconf 80' lang='lat' dir='ltr'><strong>ejus</strong></span> <span class='ocrx_word' id='word_1_137' title='bbox 1634 2577 1855 2668; x_wconf 87' lang='lat' dir='ltr'><strong>imago</strong></span> <span class='ocrx_word' id='word_1_138' title='bbox 1872 2594 2347 2666; x_wconf 78' lang='lat' dir='ltr'><strong>poneretur‚2o</strong></span> <span class='ocrx_word' id='word_1_139' title='bbox 2282 2607 2375 2644; x_wconf 85' lang='grc' dir='ltr'><strong>ιο·</strong></span> 
     </span>
     <span class='ocr_line' id='line_1_22' title="bbox 549 2671 2247 2768; baseline 0.004 -24"><span class='ocrx_word' id='word_1_140' title='bbox 549 2681 729 2768; x_wconf 85' lang='lat' dir='ltr'><strong>isque</strong></span> <span class='ocrx_word' id='word_1_141' title='bbox 772 2671 1139 2746; x_wconf 82' lang='lat' dir='ltr'><strong>hortaretur</strong></span> <span class='ocrx_word' id='word_1_142' title='bbox 1179 2679 1449 2759; x_wconf 80' lang='lat' dir='ltr'><strong>milites,</strong></span> <span class='ocrx_word' id='word_1_143' title='bbox 1479 2678 1909 2768; x_wconf 78' lang='lat' dir='ltr'><strong>praeliumque</strong></span> <span class='ocrx_word' id='word_1_144' title='bbox 1936 2684 2247 2750; x_wconf 87' lang='lat' dir='ltr'><strong>commit-</strong></span> 
     </span>
     <span class='ocr_line' id='line_1_23' title="bbox 547 2771 2251 2874; baseline 0.004 -28"><span class='ocrx_word' id='word_1_145' title='bbox 547 2795 740 2849; x_wconf 88' lang='lat' dir='ltr'><strong>teret.</strong></span> <span class='ocrx_word' id='word_1_146' title='bbox 830 2771 1014 2848; x_wconf 88' lang='lat' dir='ltr'><strong>Idem</strong></span> <span class='ocrx_word' id='word_1_147' title='bbox 1071 2779 1182 2846; x_wconf 87' lang='lat' dir='ltr'><strong>ille</strong></span> <span class='ocrx_word' id='word_1_148' title='bbox 1227 2781 1533 2868; x_wconf 72' lang='lat' dir='ltr'><strong>populna,</strong></span> <span class='ocrx_word' id='word_1_149' title='bbox 1580 2783 1989 2870; x_wconf 83' lang='lat' dir='ltr'><strong>posteaquam</strong></span> <span class='ocrx_word' id='word_1_150' title='bbox 2036 2784 2251 2874; x_wconf 78' lang='lat' dir='ltr'><strong>majus</strong></span> 
     </span>
     <span class='ocr_line' id='line_1_24' title="bbox 547 2881 2247 2973; baseline 0.002 -23"><span class='ocrx_word' id='word_1_151' title='bbox 547 2886 894 2973; x_wconf 82' lang='lat' dir='ltr'><strong>imperium</strong></span> <span class='ocrx_word' id='word_1_152' title='bbox 915 2886 1004 2950; x_wconf 88' lang='lat' dir='ltr'><strong>est</strong></span> <span class='ocrx_word' id='word_1_153' title='bbox 1032 2882 1285 2963; x_wconf 75' lang='lat' dir='ltr'><strong>naaus,</strong></span> <span class='ocrx_word' id='word_1_154' title='bbox 1305 2895 1373 2947; x_wconf 89' lang='lat' dir='ltr'><strong>et</strong></span> <span class='ocrx_word' id='word_1_155' title='bbox 1393 2881 1735 2970; x_wconf 86' lang='lat' dir='ltr'><strong>largitione</strong></span> <span class='ocrx_word' id='word_1_156' title='bbox 1758 2885 2247 2972; x_wconf 81' lang='lat' dir='ltr'><strong>magistratuum</strong></span> 
     </span>
    </p>

    <p class='ocr_par' dir='ltr' id='par_1_6' title="bbox 549 2983 2337 3080">
     <span class='ocr_line' id='line_1_25' title="bbox 549 2983 2337 3080; baseline 0.001 -26"><span class='ocrx_word' id='word_1_157' title='bbox 549 3001 886 3076; x_wconf 84' lang='lat' dir='ltr'><strong>corruptus</strong></span> <span class='ocrx_word' id='word_1_158' title='bbox 919 2987 1028 3068; x_wconf 88' lang='lat' dir='ltr'><strong>est,</strong></span> <span class='ocrx_word' id='word_1_159' title='bbox 1059 2996 1377 3052; x_wconf 79' lang='lat' dir='ltr'><strong>trecentas</strong></span> <span class='ocrx_word' id='word_1_160' title='bbox 1420 2983 1649 3050; x_wconf 80' lang='lat' dir='ltr'><strong>statuas</strong></span> <span class='ocrx_word' id='word_1_161' title='bbox 1696 2985 2045 3054; x_wconf 86' lang='lat' dir='ltr'><strong>Demetrio</strong></span> <span class='ocrx_word' id='word_1_162' title='bbox 2074 2989 2242 3056; x_wconf 86' lang='lat' dir='ltr'><strong>Pha·</strong></span> <span class='ocrx_word' id='word_1_163' title='bbox 2312 3053 2337 3080; x_wconf 52' lang='lat'>0</span> 
     </span>
    </p>

    <p class='ocr_par' dir='ltr' id='par_1_7' title="bbox 545 3088 2343 3592">
     <span class='ocr_line' id='line_1_26' title="bbox 545 3088 2343 3169; baseline -0.003 -13"><span class='ocrx_word' id='word_1_164' title='bbox 545 3090 722 3156; x_wconf 86' lang='lat' dir='ltr'><strong>lereo</strong></span> <span class='ocrx_word' id='word_1_165' title='bbox 752 3088 1058 3158; x_wconf 83' lang='lat' dir='ltr'><strong>decrevit.</strong></span> <span class='ocrx_word' id='word_1_166' title='bbox 2278 3115 2343 3169; x_wconf 78' lang='lat'><strong>²5</strong></span> 
     </span>
     <span class='ocr_line' id='line_1_27' title="bbox 603 3179 2241 3283; baseline 0.002 -25"><span class='ocrx_word' id='word_1_167' title='bbox 603 3195 766 3260; x_wconf 89' lang='lat' dir='ltr'><strong>VII.</strong></span> <span class='ocrx_word' id='word_1_168' title='bbox 793 3179 929 3257; x_wconf 88' lang='lat' dir='ltr'><strong>Post</strong></span> <span class='ocrx_word' id='word_1_169' title='bbox 944 3192 1072 3258; x_wconf 88' lang='lat' dir='ltr'><strong>hoc</strong></span> <span class='ocrx_word' id='word_1_170' title='bbox 1090 3191 1413 3279; x_wconf 67' lang='lat' dir='ltr'><strong>praelium,</strong></span> <span class='ocrx_word' id='word_1_171' title='bbox 1430 3191 1679 3258; x_wconf 82' lang='lat' dir='ltr'><strong>claffem</strong></span> <span class='ocrx_word' id='word_1_172' title='bbox 1702 3192 2109 3283; x_wconf 83' lang='lat' dir='ltr'><strong>septuaginta</strong></span> <span class='ocrx_word' id='word_1_173' title='bbox 2124 3217 2241 3262; x_wconf 82' lang='lat' dir='ltr'><strong>na·-</strong></span> 
     </span>
     <span class='ocr_line' id='line_1_28' title="bbox 546 3292 2245 3380; baseline 0.001 -18"><span class='ocrx_word' id='word_1_174' title='bbox 546 3295 728 3362; x_wconf 82' lang='lat' dir='ltr'><strong>vium</strong></span> <span class='ocrx_word' id='word_1_175' title='bbox 749 3293 1178 3360; x_wconf 85' lang='lat' dir='ltr'><strong>Athenienses</strong></span> <span class='ocrx_word' id='word_1_176' title='bbox 1221 3292 1435 3359; x_wconf 89' lang='lat' dir='ltr'><strong>eidem</strong></span> <span class='ocrx_word' id='word_1_177' title='bbox 1471 3292 1761 3359; x_wconf 85' lang='lat' dir='ltr'><strong>Miltiadi</strong></span> <span class='ocrx_word' id='word_1_178' title='bbox 1790 3295 2136 3380; x_wconf 78' lang='lat' dir='ltr'><strong>dederunt,</strong></span> <span class='ocrx_word' id='word_1_179' title='bbox 2166 3311 2245 3364; x_wconf 86' lang='lat' dir='ltr'><strong>ut</strong></span> 
     </span>
     <span class='ocr_line' id='line_1_29' title="bbox 545 3387 2239 3485; baseline 0 -21"><span class='ocrx_word' id='word_1_180' title='bbox 545 3387 804 3476; x_wconf 71' lang='lat' dir='ltr'><strong>infidas,</strong></span> <span class='ocrx_word' id='word_1_181' title='bbox 835 3418 984 3483; x_wconf 83' lang='lat' dir='ltr'><strong>quae</strong></span> <span class='ocrx_word' id='word_1_182' title='bbox 1019 3393 1327 3460; x_wconf 76' lang='lat' dir='ltr'><strong>barbaros</strong></span> <span class='ocrx_word' id='word_1_183' title='bbox 1362 3391 1758 3483; x_wconf 81' lang='lat' dir='ltr'><strong>adjuverant,</strong></span> <span class='ocrx_word' id='word_1_184' title='bbox 1797 3397 1977 3464; x_wconf 90' lang='lat' dir='ltr'><strong>bello</strong></span> <span class='ocrx_word' id='word_1_185' title='bbox 2028 3399 2239 3485; x_wconf 84' lang='lat' dir='ltr'><strong>perse-</strong></span> 
     </span>
     <span class='ocr_line' id='line_1_30' title="bbox 546 3499 2237 3592; baseline 0.002 -26"><span class='ocrx_word' id='word_1_186' title='bbox 546 3513 892 3592; x_wconf 83' lang='lat' dir='ltr'><strong>queretur:</strong></span> <span class='ocrx_word' id='word_1_187' title='bbox 940 3523 1072 3586; x_wconf 90' lang='lat' dir='ltr'><strong>quo</strong></span> <span class='ocrx_word' id='word_1_188' title='bbox 1123 3499 1395 3586; x_wconf 79' lang='lat' dir='ltr'><strong>imperio</strong></span> <span class='ocrx_word' id='word_1_189' title='bbox 1445 3500 1773 3589; x_wconf 83' lang='lat' dir='ltr'><strong>plerasque</strong></span> <span class='ocrx_word' id='word_1_190' title='bbox 1819 3499 1903 3568; x_wconf 82' lang='lat' dir='ltr'><strong>ad</strong></span> <span class='ocrx_word' id='word_1_191' title='bbox 1948 3504 2237 3570; x_wconf 83' lang='lat' dir='ltr'><strong>officium</strong></span> 
     </span>
    </p>

    <p class='ocr_par' dir='ltr' id='par_1_8' title="bbox 535 3599 2343 3878">
     <span class='ocr_line' id='line_1_31' title="bbox 544 3599 2343 3692; baseline 0.002 -22"><span class='ocrx_word' id='word_1_192' title='bbox 544 3603 752 3670; x_wconf 86' lang='lat' dir='ltr'><strong>redire</strong></span> <span class='ocrx_word' id='word_1_193' title='bbox 781 3603 1023 3690; x_wconf 85' lang='lat' dir='ltr'><strong>coegit,</strong></span> <span class='ocrx_word' id='word_1_194' title='bbox 1053 3599 1397 3666; x_wconf 80' lang='lat' dir='ltr'><strong>nonnullas</strong></span> <span class='ocrx_word' id='word_1_195' title='bbox 1424 3601 1489 3666; x_wconf 89' lang='lat' dir='ltr'><strong>vi</strong></span> <span class='ocrx_word' id='word_1_196' title='bbox 1516 3605 1933 3692; x_wconf 78' lang='lat' dir='ltr'><strong>expugnavit.</strong></span> <span class='ocrx_word' id='word_1_197' title='bbox 2006 3609 2107 3671; x_wconf 86' lang='lat' dir='ltr'><strong>Ex</strong></span> <span class='ocrx_word' id='word_1_198' title='bbox 2134 3607 2241 3672; x_wconf 74' lang='lat' dir='ltr'><strong>his</strong></span> <span class='ocrx_word' id='word_1_199' title='bbox 2272 3635 2343 3682; x_wconf 80' lang='grc' dir='ltr'><strong>3ο</strong></span> 
     </span>
     <span class='ocr_line' id='line_1_32' title="bbox 535 3700 2237 3792; baseline 0.001 -18"><span class='ocrx_word' id='word_1_200' title='bbox 535 3708 804 3789; x_wconf 80' lang='lat' dir='ltr'><strong>Parum,</strong></span> <span class='ocrx_word' id='word_1_201' title='bbox 843 3703 1113 3772; x_wconf 86' lang='lat' dir='ltr'><strong>insulam</strong></span> <span class='ocrx_word' id='word_1_202' title='bbox 1163 3703 1395 3792; x_wconf 84' lang='lat' dir='ltr'><strong>opibus</strong></span> <span class='ocrx_word' id='word_1_203' title='bbox 1434 3700 1701 3789; x_wconf 78' lang='lat' dir='ltr'><strong>elatam,</strong></span> <span class='ocrx_word' id='word_1_204' title='bbox 1748 3729 1902 3774; x_wconf 85' lang='lat' dir='ltr'><strong>cum</strong></span> <span class='ocrx_word' id='word_1_205' title='bbox 1948 3708 2237 3775; x_wconf 85' lang='lat' dir='ltr'><strong>oratione</strong></span> 
     </span>
     <span class='ocr_line' id='line_1_33' title="bbox 2004 3831 2233 3878; baseline 0.009 -2"><span class='ocrx_word' id='word_1_206' title='bbox 2004 3831 2233 3878; x_wconf 83' lang='lat' dir='ltr'><strong>recon-</strong></span> 
     </span>
    </p>
   </div>
  </div>
 </body>
</html>
