2587 4402
597 449 690 517 34
1233 455 1675 503 Lrsaunssn.

604 583 826 663 vitate,
857 584 1099 670 quibus
1126 584 1451 651 summum
1484 586 1853 673 imperium,
1884 585 2300 673 potestatem-

603 707 730 771 que
773 686 1068 750 omnium
1115 710 1331 751 rerum
1377 688 1834 751 committeret.
1924 688 2183 750 Horum
2230 684 2303 747 in

605 808 949 853 numerum
980 811 1172 854 nemo
1213 790 1695 867 admittebatur,
1728 788 1839 853 nifi
1868 800 1983 853 aut
2024 787 2141 875 qui
2166 785 2307 872 ejus

603 886 880 974 hospitio
907 890 1368 974 contineretur,
1390 904 1503 955 aut
1530 890 1591 955 se
1612 890 1787 955 illius
1814 888 1951 954 fore
1972 888 2307 976 proprium

609 990 734 1055 fide
764 992 1192 1075 confirmaret.
2342 999 2375 1053 5

697 1096 786 1160 11.
814 1096 938 1174 Ita,
959 1094 1368 1162 decemvirali
1388 1098 1692 1185 potestate
1712 1097 1782 1161 in
1800 1095 2105 1161 omnibus
2126 1092 2306 1159 urbi·

609 1198 734 1262 bus
783 1199 1143 1278 constituta,
1189 1198 1379 1286 ipsius
1425 1213 1591 1265 nutu
1626 1199 1844 1264 omnia
1891 1199 2308 1285 gerebantur.

614 1300 820 1388 Cujus
849 1300 931 1365 de
969 1301 1349 1367 crudelitate
1379 1324 1454 1367 ac
1494 1302 1758 1389 perfidia
1796 1302 1944 1367 satis
1986 1302 2073 1365 est
2114 1320 2312 1363 unam

613 1426 775 1484 rem,
827 1404 1106 1491 exempli
1157 1406 1389 1491 gratia,
1448 1405 1753 1493 proferre,
1812 1427 1918 1485 ne,
1952 1404 2033 1469 de
2079 1402 2312 1467 eodem

613 1506 800 1593 plura
827 1509 1283 1587 enumerando,
1316 1508 1665 1595 fatigemus
1698 1509 1997 1574 lectore&
2084 1494 2335 1572 Vifflm·⁶
2354 1516 2417 1551 ¹⁰

615 1628 696 1671 ex
723 1608 873 1671 Afia
901 1629 1048 1671 cum
1091 1620 1535 1689 reverteretur,
1566 1609 1977 1696 Thasumque
2022 1606 2311 1674 divertis-

616 1708 732 1787 set,
765 1710 942 1795 quod
974 1731 1048 1772 ea
1092 1709 1319 1775 civitas
1360 1711 1689 1797 praecipua
1728 1710 1855 1775 fide
1904 1711 2111 1775 fuerat
2156 1730 2316 1797 erga

616 1812 1068 1889 AthenienseS,
1092 1812 1361 1898 proinde
1388 1836 1463 1881 ac
1494 1814 1536 1878 fi
1558 1814 1753 1879 iidem
1782 1813 2113 1878 firmiffimi
2142 1812 2310 1877 sole·
2362 1846 2373 1855 ·

617 1926 764 1979 rent
793 1911 914 1977 effe
945 1915 1162 1995 amici,
1195 1915 1309 2001 qui
1354 1917 1711 1981 constantes
1754 1914 2007 1980 fuifl'ent
2034 1915 2313 1993 inimici,

619 2036 760 2081 eam
805 2030 1160 2101 pervertere
1201 2018 1597 2105 concupivit.
1686 2018 1873 2083 Vidit
1915 2029 2159 2095 autem,
2202 2015 2315 2079 nifi
2360 2032 2417 2085 ¹⁵

619 2117 688 2180 in
719 2139 798 2181 eo
827 2117 1193 2182 occultaffet
1225 2118 1650 2199 voluntatem,
1680 2118 1998 2199 futurum,
2028 2131 2105 2183 ut
2132 2117 2314 2183 Tha-

621 2221 686 2286 fii
717 2221 1177 2301 dilaberentur,
1209 2223 1745 2312 consulerentque
1772 2225 1963 2288 rebus
1991 2223 2143 2290 suis·
2164 2225 2315 2271 *¹*

712 2326 814 2388 III
826 2372 841 2389 .
897 2327 1122 2410 Itaque
1175 2323 1665 2390 decemviralem
1716 2326 1891 2390 suam
1942 2323 2319 2412 potestatem

618 2425 712 2492 sui
757 2427 836 2490 ab
884 2425 998 2490 ino
1042 2425 1450 2490 constitutam
1492 2426 1895 2492 sustulerunt.
1986 2411 2145 2492 Quo
2192 2423 2314 2488 do-

619 2527 756 2592 lore
803 2527 1098 2592 incensus
1153 2527 1303 2596 iniit
1352 2526 1609 2592 confilia
1662 2551 1849 2616 reges
1898 2526 2315 2594 Lacedaemo·
2356 2543 2421 2578 ²0

621 2628 880 2693 niorum
934 2628 1182 2693 tollere.
1275 2627 1403 2694 Sed
1444 2627 1755 2695 sentiebat
1812 2629 1878 2694 id
1922 2629 1985 2694 se
2028 2629 2153 2692 fine
2196 2651 2349 2714 ope·

619 2732 914 2798 Deorum
957 2731 1164 2796 facere
1211 2753 1344 2797 non
1394 2731 1589 2817 poffe,
1619 2733 1799 2820 quod
1842 2731 2321 2796 Lacedaemonii

621 2835 844 2899 omnia
889 2834 970 2898 ad
1015 2835 1276 2900 oracula
1320 2835 1557 2901 referre
1612 2835 2087 2902 consueverant.
2179 2834 2319 2899 Pri·

623 2959 805 3001 mum
849 2936 1070 3024 itaque
1107 2937 1401 3022 Delphos
1444 2959 1852 3026 corrumpere
1892 2938 1980 3001 est
2024 2948 2319 3002 conatus,

625 3039 798 3103 Cum
845 3038 915 3102 id
967 3061 1096 3102 non
1142 3037 1465 3125 potuiffet,
1508 3037 1861 3103 Dodonam
1910 3039 2171 3104 adortus
2214 3039 2319 3102 est.
2356 3057 2420 3110 25

623 3139 806 3204 Hinc
843 3161 1106 3226 quoque
1145 3139 1435 3226 repulsus
1476 3138 1645 3204 dixit
1678 3139 1743 3204 se
1784 3151 1935 3204 vota
1974 3133 2319 3225 suscepisse,

523 3229 530 3236 ’
625 3263 773 3326 quae
799 3240 946 3304 Jovi
975 3239 1292 3306 Ammoni
1320 3239 1620 3330 solveret,
1641 3239 2003 3304 existimans
2034 3239 2097 3304 se
2124 3241 2323 3304 Afros

623 3340 878 3406 facilius
907 3353 1380 3426 corrupturum.
1414 3407 1421 3412 ,
1468 3341 1617 3406 Hac
1658 3340 1763 3426 spe
1805 3364 1959 3406 cum
2000 3339 2323 3426 profectus

625 3443 780 3508 effet
823 3444 890 3507 in
917 3443 1234 3520 Africam,
1275 3442 1559 3508 multum
1602 3467 1754 3508 eum
1796 3443 2101 3508 antistites
2138 3442 2321 3510 Jovis

625 3544 1013 3611 fefellerunt.
1075 3546 1254 3610 Nam
1296 3566 1425 3610 non
1454 3545 1655 3610 solum
1686 3545 2009 3632 corrumpi
2040 3567 2169 3610 non
2200 3567 2317 3631 po-
2356 3565 2421 3613 ³0

626 3660 914 3730 tuerunt,
949 3648 1053 3715 sed
1095 3649 1292 3716 etiam
1334 3647 1585 3737 legatos
1612 3647 2081 3716 Lacedaetnona
2124 3648 2318 3712 mise-

2142 3761 2318 3830 runt,
