2587 4402
960 1018 1223 1084 XVIII.

794 1148 1392 1277 EUMENES.

250 1424 309 1488 1.
336 1400 807 1495 EUMENES
866 1429 1245 1518 Cardianus.
1339 1430 1561 1519 Hujus
1617 1430 1659 1494 fi
1719 1430 1944 1496 virtuti

248 1552 365 1615 par
389 1533 545 1597 data
570 1528 725 1593 effet
752 1529 1045 1609 fortuna,·
1068 1552 1196 1595 non
1241 1531 1354 1597 ille
1399 1531 1663 1619 quidem
1713 1531 1942 1619 major,

250 1632 355 1696 sed
402 1632 631 1696 multo'
680 1629 979 1696 illustrior
1034 1643 1231 1719 atque
1299 1634 1496 1698 etiam
1543 1628 1943 1713 'honor-atior,

250 1736 431 1819 quod
476 1752 759 1820 magnos
803 1733 1103 1797 homines
1155 1734 1396 1798 virtute
1447 1735 1776 1813 metimur,
1817 1756 1946 1797 non

171 1860 196 1911 5
249 1834 537 1899 fortuna.
630 1836 835 1910 Nam,
868 1854 1015 1897 cum
1060 1847 1217 1898 aetas
1262 1835 1402 1922 ejus
1431 1835 1752 1915 cecidiffet
1781 1834 1844 1897 in
1875 1856 1956 1899 ea

254 1947 571 2022 tempora,
602 1933 849 2019 quibus
878 1935 1275 1999 Macedones
1311 1934 1634 2015 florerent,
1665 1937 1951 2001 multum

256 2040 315 2103 ei
342 2036 829 2105 detraxit'inter
869 2036 989 2099 hos
1018 2036 1287 2117 viventi,
1319 2038 1496 2126 quod
1543 2038 1771 2103 alienae
1817 2052 1955 2103 erat

258 2139 568 2206 civitatis.
662 2139 901 2224 Neque
928 2136 1103 2201 aliud
1132 2137 1289 2203 huic
1335 2138 1566 2218 defuit,
1595 2160 1794 2226 quam
1834 2162 1953 2228 ge·-

258 2242 477 2307 nerosa
508 2239 693 2325 stirps
712 2262 733 2301 z
779 2238 891 2302 etsi
922 2239 1099 2304 enim
1150 2239 1261 2304 ille
1308 2240 1659 2305 domestico
1693 2241 1958 2306 ‘summo

180 2369 231 2406 ιο
258 2367 501 2432 genere
554 2353 715 2420 erat,
766 2354 984 2406 tamen
1038 2343 1438 2408 Macedonee
1487 2365 1640 2408 eum
1689 2342 1800 2408 fibi
1835 2343 1958 2411 ali-

254 2445 527 2559 guando
578 2442 881 2528 anteponi
932 2441 1205 2529 indigne
1252 2443 1567 2524 ferebant,
1601 2465 1810 2530 neque
1855 2457 1957 2510 ta-

262 2530 415 2614 meri
472 2569 605 2611 non
659 2535 1107 2631 petiebantur:
1168 2546 1470 2611 vincebat
1517 2546 1690 2610 enim
1735 2571 1962 2614 omnes

262 2673 443 2730 cura,
474 2647 1197 2736 vigilantiaspatientia,
1228 2648 1604 2730 ealliditate,
1635 2661 1704 2714 et
1733 2651 1962 2716 celeri-

262 2766 402 2818 tate
446 2751 722 2838 ingenii.
814 2749 947 2814 Hic
996 2749 1618 2835 pei-adolescentulus
1667 2752 1750 2816 ad
1796 2753 1966 2816 ami-

188 2857 497 2938 15’citiam
529 2852 777 2916 aeoeffit
804 2851 1083 2936 Philippi
1128 2850 1440 2936 Amyntae
1487 2852 1626 2931 filii,
1657 2853 1966 2939 brevique

268 2969 569 3042 tempore
622 2954 691 3016 in
750 2951 1045 3016 intimam
1100 2951 1388 3036 pervenit
1441 2952 1965 3020 familiaritatem.

272 3057 603 3142 Fulgebat
642 3052 832 3118 enim
878 3051 1019 3138 jam
1075 3051 1147 3118 in
1196 3051 1672 3118 adolescentulo
1717 3053 1968 3122 indoles

274 3157 561 3224 virtutis·
652 3157 883 3240 Itaque
912 3175 1064 3218 eum
1098 3153 1330 3218 habuit
1349 3155 1431 3218 ad
1459 3177 1724 3220 manum
1752 3157 1972 3223 scribae

275 3259 469 3336 loco;
514 3256 697 3344 quod
726 3255 937 3320 multo
966 3253 1137 3340 apud
1168 3254 1404 3319 Graios
1440 3255 1974 3325 honorificentius

196 3394 251 3430 20
278 3361 393 3438 est,
424 3380 621 3444 quam
652 3355 827 3442 apud
858 3357 1209 3420 Romanos·
1296 3356 1470 3422 Nam
1499 3360 1670 3445 apud
1693 3381 1836 3440 nos,
1869 3383 1971 3425 re·-

280 3484 433 3528 vera
456 3461 617 3524 ficut
645 3458 815 3536 sunt,
844 3456 1217 3520 mercenarii
1244 3455 1466 3522 scribae
1495 3459 1974 3540 existimantur-3

284 3577 353 3629 at
372 3561 547 3650 apud
574 3559 743 3638 illos,
769 3558 1109 3636 contrarie,
1134 3579 1326 3622 nemo
1349 3558 1428 3621 ad
1452 3558 1522 3623 id
1541 3559 1824 3624 officium
1859 3561 1976 3626 ad-

284 3664 596 3743 mittitur,
628 3661 737 3726 nifi
768 3660 1029 3726 honesto
1058 3658 1235 3739 1000,
1264 3671 1334 3722 et
1377 3657 1532 3739 fide,
1561 3670 1630 3722 et
1677 3657 1982 3728 industria

1182 3831 1211 3856 ο
1667 3745 1935 3848 cbgnita
1955 3785 1984 3844 3

1571 3903 1606 3934 Ο
