2587 4402
543 384 632 471 38
1151 374 1659 451 Aminneas.

553 534 1124 616 rumditiffimum,
1157 536 1339 616 ut,'fi
1364 536 1491 625 ipse
1514 536 1761 623 fingere
1784 533 2003 613 vellet,
2032 544 2269 621 neque·
2296 562 2303 569 ·

549 636 735 725 plura
762 638 934 701 bona
962 637 1305 718 reminisci,
1338 659 1551 724 neque
1578 635 1818 724 majora
1859 634 2055 721 poffet
2084 655 2245 699 con-

549 737 751 825 sequi,
803 761 996 826 quam
1046 740 1152 803 vel
1198 738 1455 803 fortuna
1502 736 1601 803 vel
1641 750 1869 802 natura
1912 737 2247 803 tribuerat.

553 839 828 905 Ineunte
857 838 1284 905 adolescentia
1315 850 1565 905 amatus
1596 840 1681 903 est
1708 860 1747 903 a
1790 837 2038 917 multis,
2070 859 2252 903 more

553 942 964 1020 Graecorum3
987 940 1054 1005 in
1085 941 1178 1007 eis
1209 964 1246 1005 a
1267 942 1551 1021 Socrate,
1582 940 1663 1005 de
1684 962 1817 1028 quo
1848 940 2246 1007 mentionem
2295 948 2326 1001 5

547 1041 706 1107 facit
736 1043 916 1107 Plato
949 1044 1018 1107 in
1049 1043 1405 1133 Sympofio.
1452 1046 1763 1130 Namque
1804 1065 1955 1107 eum
1996 1042 2257 1108 induxit

545 1157 1165 1211 commemorantem
1217 1145 1280 1210 se
1325 1143 1711 1232 pernoctasse
1766 1166 1917 1208 cum
1964 1144 2249 1224 Socrate,

547 1268 759 1333 neque
785 1246 969 1311 aliter
999 1248 1080 1311 ab
1111 1270 1192 1313 eo
1221 1244 1565 1325 surrexifi‘e,
1596 1268 1671 1310 ac
1710 1245 1878 1310 filius
1908 1268 1945 1309 a
1989 1257 2253 1333 parente

545 1347 861 1413 debuerit.
954 1349 1362 1435 Posteaquam
1407 1346 1719 1412 robustior
1749 1347 1838 1412 est
1878 1346 2087 1413 sacius
2116 1370 2249 1413 non

547 1450 762 1515 minus
791 1450 1034 1516 multos
1064 1451 1333 1515 amavit:
1368 1452 1435 1515 in
1466 1472 1741 1536 quorum
1772 1472 2011 1529 amore,
2032 1451 2250 1537 quoad
2296 1459 2360 1495 ¹0

545 1552 800 1618 licitum
832 1554 940 1633 est,
973 1553 1187 1617 odiosa
1211 1551 1421 1617 multa
1446 1552 1722 1618 delicate
1756 1553 2105 1642 jocoseque
2148 1553 2267 1619 fe-·

545 1654 676 1719 cit·
753 1676 897 1740 quae
959 1654 1363 1733 referi-efflue,
1418 1654 1529 1719 nifi
1576 1656 1816 1779 majora
1865 1657 2251 1744 potioraque

543 1754 953 1822 haberemus·

617 1859 744 1921 III.
773 1858 960 1921 Bello
990 1856 1521 1944 Peloponnesiaco
1548 1860 1743 1950 hujus
1768 1860 2029 1925 confilio
2053 1874 2245 1948 atque

545 1958 926 2023 au&orimte
953 1956 1378 2023 Athenienses
1414 1958 1657 2024 bellurn
1702 1960 2109 2046 Syracusanis
2137 1960 2242 2025 in·
2292 1968 2350 2019 16

545 2057 887 2149 dixerunt:
937 2057 1018 2122 ad
1047 2058 1224 2145 quod
1245 2059 1603 2147 gerendum
1636 2060 1765 2147 ipse
1792 2061 1925 2126 dux
1954 2060 2243 2129 delectus

543 2160 655 2226 est.
743 2162 900 2226 Duo
931 2170 1238 2246 praeterea
1271 2160 1544 2249 collegae
1574 2161 1732 2243 dati,
1762 2161 1986 2228 Nicias
2016 2176 2086 2228 et
2113 2165 2241 2228 La-

542 2262 836 2328 machus.
887 2262 962 2326 Id
991 2285 1142 2327 eum
1189 2276 1617 2350 appararetur,
1648 2265 2015 2354 priusquam
2042 2268 2242 2333 claffis

542 2364 768 2445 exiret,
825 2363 1086 2444 accidit,
1133 2377 1210 2429 ut
1262 2387 1397 2430 una
1442 2366 1633 2432 nocte
1678 2389 1905 2434 omnes
1948 2369 2239 2451 Hermae,

541 2467 656 2555 qui
686 2468 752 2532 in
783 2465 1024 2556 oppido
1055 2477 1234 2531 erant
1257 2467 1564 2548 Athenin,
1592 2467 2049 2557 dejicerentur,
2080 2492 2243 2559 prae-
2282 2495 2347 2534 20

541 2579 640 2634 ter
695 2591 926 2648 unum,
985 2568 1100 2654 qui
1157 2577 1309 2632 ante
1356 2567 1625 2655 januam
1677 2569 2037 2636 Andocidis
2080 2583 2238 2654 erat,

537 2669 1024 2758 Andocidisque
1062 2673 1340 2734 Hermes
1383 2685 1650 2738 vocatus
1694 2674 1803 2739 est.
1892 2677 2041 2756 Hoc
2086 2699 2239 2742 cum

538 2785 867 2860 appareret
913 2793 1042 2836 non
1085 2771 1212 2836 fine
1263 2793 1502 2860 magna
1548 2753 1907 2840 multorum
1967 2777 2235 2842 consen-

539 2875 709 2940 fione
755 2873 878 2938 effe
923 2873 1190 2953 factum,
1237 2873 1413 2958 quod
1452 2897 1581 2939 non
1630 2875 1712 2940 ad
1754 2877 2091 2966 privatam,
2132 2880 2240 2945 sed

540 2977 624 3042 ad
664 2976 992 3064 publicam
1033 2994 1170 3039 rem
1214 2975 1586 3062 pertineret,
1620 2999 1893 3065 magnus
1934 2981 2235 3046 multitu·
2274 3000 2337 3054 ις

538 3077 677 3142 dini
707 3077 902 3141 timor
931 3079 1016 3141 est
1046 3075 1344 3164 injectuS,
1376 3099 1459 3142 ne
1506 3100 1635 3165 qua
1676 3081 2009 3167 repentina
2038 3083 2134 3149 vis
2166 3084 2235 3149 in

539 3179 800 3245 civitate
861 3179 1170 3257 existeret,
1227 3199 1373 3263 quae
1431 3179 1799 3246 libertatem
1846 3185 2239 3270 opprimeret

537 3280 783 3370 populi.
869 3281 1019 3343 Hoc
1051 3279 1329 3342 maxime
1360 3281 1699 3345 convenire
1728 3282 1793 3346 in
1826 3283 2236 3351 Alcibiadem

535 3384 892 3464 videbatur,
943 3381 1118 3468 quod
1171 3393 1238 3445 et
1293 3383 1613 3466 potentior
1658 3397 1725 3448 et
1773 3386 1998 3472 major,
2040 3411 2237 3473 quam

533 3482 841 3570 privatuS,
873 3481 1370 3548 existimabatur.
1460 3484 1713 3550 Multos
1738 3487 1913 3550 enim
1947 3487 2251 3554 liberali-²
2271 3526 2333 3573 30

539 3595 674 3650 tate
693 3584 1106 3666 devinxerat,
1137 3583 1347 3670 plures
1378 3585 1571 3650 etiam
1618 3579 1809 3674 opera
1836 3587 2057 3654 forensi
2088 3590 2233 3658 suos

1843 3687 2227 3761 reddiderat.
