2587 4402
811 468 1441 517 Tunnxsrocnns.
1900 466 1977 535 13

291 603 418 669 deo
451 602 788 693 fignificari
823 620 1082 671 murum
1124 604 1445 699 ligneum.
1534 601 1699 667 Tali.
1724 603 1985 671 consilio

290 708 588 793 probato,
641 706 890 772 addunt
933 707 1016 771 ad
1061 706 1419 793 superiores
1470 702 1747 771 totidem
1790 726 1985 771 naves

291 808 628 889 triremes3
673 808 912 897 suaque
941 808 1182 888 omnia,
1215 828 1363 895 quae
1392 806 1639 873 moveri
1666 820 1987 894 poterant,

291 911 529 998 partim
587 910 1004 991 Salaminem,
1051 910 1280 998 partim
1333 911 1719 975 Troezenem
1776 908 1991 996 aspor-

233 1010 260 1063 5
293 1026 477 1079 tant:
529 1036 743 1079 arcem
787 1014 1224 1079 sacerdotibus
1265 1012 1609 1100 paucisque
1642 1010 1993 1099 majoribus

294 1127 477 1194 natu,
525 1136 603 1179 ae
659 1115 832 1179 saera
884 1113 1286 1202 procuranda
1335 1114 1621 1195 tradunt,
1669 1113 1997 1205 reliquum

295 1218 610 1305 oppidum
637 1217 1032 1306 relinquunt.

387 1322 518 1386 III.
547 1320 768 1408 Hujus
789 1320 1120 1385 confilium
1143 1320 1457 1410 plerisque
1474 1321 1847 1389 civitatibus
1866 1320 1995 1387 dis-

301 1423 610 1511 plicebat,
657 1436 726 1489 et
770 1424 838 1489 in
883 1437 1052 1489 terra
1095 1424 1389 1489 dimicari
1434 1424 1641 1513 magia
1676 1424 1998 1512 placebat.

217 1534 274 1569 ¹0
308 1528 536 1613 Itaque
565 1525 726 1590 miffi
751 1524 896 1589 sunt
924 1524 1158 1591 dele&
1189 1548 1341 1591 eum
1372 1526 1663 1593 Leonida
1690 1526 2001 1593 Lacedae-

305 1628 676 1693 moniomm
707 1648 886 1715 rege,
919 1627 1034 1715 qui
1075 1626 1551 1716 Thermopylas
1588 1640 2005 1716 occuparent,

307 1728 698 1818 longiusque
737 1730 1041 1795 barbaros
1087 1729 1391 1816 progredi
1434 1752 1565 1795 non
1614 1742 2006 1816 paterentur.

313 1834 406 1899 Hi
455 1833 590 1897 vim
641 1831 914 1897 hostium
962 1835 1090 1897 n'on
1135 1830 1581 1913 sustinuerunt,
1612 1854 1819 1918 eoque
1862 1832 2011 1899 loco

315 1958 540 2003 omnes
569 1934 974 2001 interierunt.
1063 1935 1160 1999 At
1191 1934 1393 2006 elaffis
1424 1936 1792 2003 communis,
1820 1938 2011 2003 Grae-

230 2052 284 2105 ¹5
317 2036 432 2105 eiae
463 2049 900 2103 trecentarum
931 2036 1216 2117 navium,
1241 2037 1311 2102 in
1340 2060 1473 2125 qua
1500 2038 1799 2105 dueentae
1830 2046 2015 2105 erant

317 2139 838 2219 Atheniensium,
869 2139 1154 2228 primum
1187 2140 1357 2229 apud
1386 2140 1804 2208 Artemifium
1848 2140 2017 2208 inter

321 2243 650 2310 Euboeam
701 2242 1276 2330 continentemque
1323 2255 1559 2310 terram
1620 2265 1772 2308 eum
1814 2243 2017 2308 elafii-

322 2347 474 2415 ariis
504 2346 680 2433 regis
723 2345 1038 2410 conflixit.
1127 2347 1478 2434 Angustias
1520 2345 1699 2412 enirn
1738 2345 2016 2412 Themi-

323 2449 550 2535 stocles
577 2439 926 2537 quaerebat,
960 2472 1044 2514 ne
1089 2450 1513 2516 multitudine
1544 2449 2019 2516 circumiretur.

233 2565 294 2602 ²0
326 2554 462 2620 Hic
491 2553 600 2618 etfi
651 2552 786 2640 pari
814 2553 1038 2640 praelio
1077 2553 1496 2635 disoefferant,
1528 2567 1747 2620 tamen
1792 2555 2022 2620 eodem

327 2657 478 2723 loeo
507 2679 639 2721 non
683 2656 718 2720 s
713 2669 830 2721 unt
877 2657 1004 2722 aufi
1049 2677 1329 2738 manere,
1361 2659 1539 2746 quod
1583 2671 1719 2725 erat
1768 2660 2024 2746 pericu-

329 2759 494 2838 lum,
520 2780 626 2838 ne,
654 2757 693 2821 fi
725 2779 866 2845 pars
899 2757 1162 2848 navium
1186 2757 1681 2824 adversariorum
1706 2761 2029 2825 Euboeam

329 2861 694 2950 superasset,
725 2861 986 2949 ancipiti
1015 2875 1457 2950 premerentur
1486 2864 1794 2950 pericula
1866 2863 2031 2929 Quo

335 2963 582 3030 fafitum
629 2965 738 3043 est,
770 2976 844 3029 ut
871 2965 953 3029 ab
986 2963 1331 3029 Artemisio
1368 2965 1785 3046 discederent,
1818 2977 1887 3029 et
1916 2963 2033 3030 ad-

167 3133 189 3142 „
249 3078 306 3132 ²5
341 3068 590 3132 versum
624 3066 913 3131 Athenas
961 3065 1132 3154 apud
1175 3065 1503 3132 Salamina
1550 3065 1805 3134 claffem
1856 3065 2033 3132 suam

338 3171 825 3235 constituerent.

434 3274 552 3338 IV.
587 3273 680 3336 At
697 3271 1435 3361 Xerxe3,Thermopylis
1454 3275 1863 3362 expugnatis»,
1887 3296 2039 3361 pro-

347 3374 526 3440 tinus
553 3374 803 3438 aeceflit
833 3373 1017 3454 Astu,
1041 3373 1262 3464 idque,
1295 3375 1489 3440 nullis
1516 3377 2041 3456 defendentibuS,

351 3475 702 3541 interfe&is
729 3473 1192 3556 sacerdotibuS,
1225 3499 1389 3564 quos
1419 3478 1485 3541 in
1518 3499 1664 3542 aree
1692 3476 2043 3558 invenerat,

263 3599 322 3648 30
355 3578 658 3642 incendio
685 3576 944 3641 delevit.
1013 3577 1218 3664 Cujus
1249 3578 1511 3642 flamma
1537 3579 1857 3664 perterriti
1888 3579 2046 3644 clas-

355 3679 518 3746 fiarii
579 3701 732 3746 cum
785 3701 1046 3746 manere
1103 3701 1232 3745 non
1291 3680 1627 3764 auderent,
1668 3693 1737 3748 et
1786 3681 2050 3769 plurimi

1832 3783 2052 3849 horta·
