2587 4402
1027 474 1315 532 ermom
1928 474 2017 555 31*
2035 479 2049 491 “

313 604 520 700 Qijus
567 609 718 677 faeti
771 613 1043 678 celerius
1094 616 1544 698 Athenienses,
1576 640 1770 705 quam
1810 616 2014 705 ipsum

308 714 646 801 poenituit.
737 714 937 795 Nam,
969 738 1119 780 cum
1151 718 1262 783 ille
1300 718 1451 784 forti
1494 720 1713 784 animo
1757 720 2016 785 invidiae

311 816 720 902 ingratorum
773 816 1013 882 civium
1065 819 1344 901 ceffifl'et,
1390 820 1767 907 bellumque
1816 822 2017 884 Lace-
2082 822 2089 829 ’

315 916 627 981 daemonii
671 918 1172 985 Atheniensibus
1241 920 1641 1000 indixissent,
1688 920 2020 986 confestim

249 1032 279 1082 5
315 1030 492 1082 notae
543 1017 679 1105 ejus
731 1019 985 1084 virtutis
1029 1018 1405 1086 desiderium
1450 1022 1867 1088 consecutum
1909 1024 2018 1087 est.

315 1122 552 1207 Itaque
581 1121 716 1207 post
746 1142 989 1185 annum
1021 1122 1349 1209 quintum,
1368 1146 1499 1210 quo
1529 1124 1831 1212 expulsus
1861 1136 2021 1203 erat,

314 1222 386 1285 in
443 1222 714 1308 patriam
765 1236 1100 1287 revocatus
1151 1226 1263 1289 est.
1352 1225 1499 1305 Ille,
1530 1226 1706 1313 quod
1746 1226 2021 1313 hospitio

315 1322 964 1389 Lacedaemoniorum
1027 1327 1353 1407 utebatur,
1413 1326 1605 1392 satius
1660 1328 2023 1392 existimans

317 1423 714 1490 contendere
745 1425 1305 1508 Lacedaemonem,
1335 1426 1445 1493 sua
1480 1428 1699 1517 sponte
1742 1430 1827 1493 est
1870 1450 2019 1515 pro-

227 1552 286 1587 ιο
324 1525 561 1606 feEtuS,
594 1548 950 1615 pacemque
995 1527 1162 1593 inter
1208 1528 1368 1593 duas
1410 1528 1870 1617 potentiffimas
1926 1528 2021 1594 ci-

317 1630 555 1695 vitates
602 1629 996 1695 conciliavit.
1089 1632 1250 1712 Post,
1283 1650 1511 1719 neque·
1545 1633 1637 1696 ita
1678 1630 1913 1712 mult0,
1958 1631 2027 1697 in

321 1732 624 1819 Cyprum
667 1754 819 1796 cum
851 1730 1148 1796 ducentis
1193 1732 1463 1798 navibus
1500 1732 1843 1821 imperator
1871 1734 2024 1797 mis-

320 1834 452 1913 suS,
487 1855 640 1898 cum
670 1833 808 1920 ejus
845 1831 1154 1919 majorem
1197 1844 1446 1921 partem
1494 1833 1711 1898 insulae
1755 1832 2025 1899 devicis-

321 1936 442 2016 set,
475 1936 540 2000 in
580 1936 885 1999 morbum
930 1933 1307 2021 implicituS,
1340 1934 1407 1999 in
1454 1934 1693 2023 oppido
1724 1934 1901 2002 Citio
1942 1936 2029 2001 est

235 2065 288 2119 :5
326 2051 650 2104 mortuus.
1051 2116 1058 2123 ὓ
1538 2032 1547 2042 ’

415 2142 536 2207 IV.
563 2140 760 2206 Hunc
783 2138 1209 2206 Athenienses
1234 2160 1363 2207 non
1393 2140 1675 2206 solumin
1700 2140 1900 2221 bello,
1922 2140 2030 2206 sed

322 2243 392 2308 in
423 2263 580 2330 paee
615 2241 729 2306 diu
758 2239 1295 2308 defideraverunt.
1358 2243 1507 2308 Fuit
1539 2243 1713 2307 enim
1744 2256 1919 2308 tanta
1946 2243 2031 2307 li-

325 2343 688 2424 beralitate,
721 2365 872 2408 cum
929 2343 1374 2430 compluribus
1404 2343 1570 2408 locis
1600 2343 1838 2432 praedia
1876 2343 2032 2408 hor·-

246 2479 272 2510 «ι.
329 2445 562 2534 tosque
601 2443 892 2524 haberet,
917 2455 995 2508 ut
1023 2465 1358 2532 nunquam
1402 2444 1495 2510 eis
1538 2443 1861 2509 custodem
1905 2445 2033 2509 im·

233 2587 299 2625 ,0
330 2545 888 2637 posuerit'frussus
918 2545 1205 2611 servandi
1233 2546 1471 2635 gratia,
1518 2567 1599 2609 ne
1645 2547 1793 2634 quis
1824 2545 2033 2634 impe·

334 2651 606 2729 diretur‚
652 2670 785 2736 quo
823 2647 1040 2711 minus
1081 2646 1224 2734 ejus
1268 2648 1483 2726 rebuS,
1526 2647 1763 2734 quibus
1816 2647 2035 2728 vellet,

331 2749 676 2815 frueretur.
769 2750 1034 2834 Semper
1061 2769 1212 2812 eum
1242 2746 1593 2834 pedissequi
1640 2769 1790 2812 cum
1842 2769 2038 2811 num-

334 2854 464 2919 mis
494 2855 640 2918 sunt
668 2850 890 2931 secuti,
922 2862 1020 2931 ut,
1052 2850 1094 2913 fi
1139 2851 1287 2938 quis
1330 2851 1470 2936 opis
1514 2850 1652 2937 ejus
1696 2849 2039 2936 indigeret,

334 2959 630 3038 haberet,
662 2955 839 3045 quod
869 2955 1072 3020 statim
1090 2953 1292 3035 daret,
1315 2977 1399 3019 ne
1420 2951 1769 3018 differendo
1790 2951 2039 3018 videre-

243 3101 303 3154 ²5
339 3074 446 3126 tur
468 3081 728 3148 negare.
764 3051 969 3143 Sae'pe,
985 3078 1136 3120 cum
1155 3055 1439 3142 aliquem
1461 3053 1767 3118 offensum
1788 3053 2045 3119 fortuna

339 3162 589 3227 videret
628 3160 843 3225 minus
890 3159 1056 3223 bene
1102 3157 1420 3237 vestitum,
1460 3155 1643 3222 suum
1688 3157 2045 3223 amiculum

343 3266 549 3331 dedit.
642 3261 956 3330 Quotidie
1009 3261 1092 3324 fic
1141 3269 1326 3324 coena
1368 3261 1431 3325 ei
1478 3263 1896 3349 coquebatur,
1942 3275 2045 3342 ut,

345 3389 514 3456 quos
545 3365 874 3430 invocatos
901 3361 1148 3427 vidiss'et
1175 3359 1242 3426 in
1275 3361 1442 3444 forn,
1475 3384 1701 3428 omnes
1747 3375 2044 3427 vocaret:
2126 3347 2141 3364 ’

349 3465 530 3556 quod
559 3463 766 3530 facere
792 3461 1044 3527 nullum
1061 3460 1233 3526 diem
1258 3463 1815 3550 praetermittebat.
1860 3462 2051 3528 Nulli

249 3597 318 3645 30
355 3566 511 3632 fides
559 3563 724 3654 ejuS,
755 3561 916 3628 nulli
961 3583 1174 3650 opera,
1207 3564 1371 3628 nulli
1414 3587 1515 3629 res
1561 3563 1892 3630 familiaris
1935 3564 2049 3631 de-

357 3668 511 3740 fuit.
602 3666 856 3738 Multos
897 3665 1363 3754 locupletavit:
1408 3667 1769 3756 complures
1812 3691 2053 3759 paupe-

1148 3785 1189 3830 ο
1219 3785 1266 3848 4
1950 3791 2052 3836 res
