2587 4402
1043 414 1295 473 mores,
1908 398 1989 463 61

305 548 656 635 imperium
699 559 942 627 tutum,
989 548 1100 612 nifi
1151 545 1607 613 benevolentia
1638 544 1993 613 munitum.

302 651 404 719 Eo
431 660 732 735 tempore
757 650 976 715 aberat
1011 650 1382 737 Dionysius,
1414 658 1485 713 et
1520 646 1589 711 in
1620 646 1809 712 Italia
1834 646 1993 713 clas-

301 750 434 815 sem
458 749 934 837 opperiebatur,
953 750 1451 825 adversariorum
1475 760 1649 813 ratus
1670 748 1999 813 neminem

302 850 436 915 fine
479 850 742 937 magnis
785 850 989 935 copiis
1037 850 1121 914 ad
1167 850 1230 915 se
1271 862 1651 915 venturum:
1706 872 1855 936 quae
1898 870 2007 915 ree
2080 868 2095 881 ·

243 967 458 1017 scum
487 951 744 1017 fefellit.
833 952 1011 1017 Nam
1041 952 1216 1017 Dion
1244 953 1349 1017 his
1394 953 1559 1039 ipfis,
1590 952 1705 1040 qui
1732 952 1851 1017 sub
1880 950 1997 1015 ad-

301 1055 559 1121 versarii
600 1054 854 1121 fuerant
881 1057 1210 1142 potestate,
1237 1056 1450 1143 regios
1478 1056 1729 1141 spiritus
1758 1055 1999 1141 repres-

195 1224 204 1235 ,
303 1156 405 1234 fit,
437 1144 768 1241 totiusque
795 1154 933 1243 ejus
961 1156 1158 1242 partis
1187 1156 1425 1221 Siciliae
1454 1157 1699 1243 potitus
1724 1157 1836 1235 est,
1848 1178 2000 1243 quaa

303 1256 424 1322 sub
447 1256 743 1343 Dionyfii
762 1258 1070 1343 potestate
1091 1254 1337 1337 fuerat3
1368 1257 1634 1345 parique
1662 1256 1857 1321 modo
1890 1278 2001 1321 ur·-

305 1358 412 1423 bis
443 1356 922 1445 Syracusarum,
953 1369 1186 1444 praeter
1213 1378 1451 1437 arcem,
1484 1370 1553 1423 et
1582 1358 1853 1423 insulam
1878 1358 1999 1422 ad-

223 1482 282 1527 zo
297 1458 602 1549 ᾗιιῐιᾶαω
635 1458 918 1545 oppid03
961 1478 1172 1546 eoque
1212 1480 1351 1523 rem
1388 1458 1707 1545 perduxit,
1736 1470 1813 1523 ut
1852 1458 2001 1523 tali-

310 1565 438 1630 bus
481 1561 890 1649 pactionibus
933 1582 1158 1649 pacem
1203 1574 1509 1647 tyrannus
1536 1562 1743 1627 facere
1772 1562 2001 1628 vellet:

313 1663 606 1730 Siciliam
629 1661 806 1727 Dion
837 1662 1184 1753 obtineret,
1212 1662 1461 1726 Italiam
1480 1663 1850 1750 DionyfiuS,
1876 1664 2003 1751 Sy-

313 1766 566 1831 racusas
611 1764 1080 1851 Apollocrates,
1115 1764 1222 1830 cui
1265 1763 1611 1829 maximam
1654 1764 1847 1829 fidem
1888 1764 2009 1831 uni

315 1869 602 1933 habebat
630 1867 1000 1955 Dionyfius.

231 1992 286 2047 ις
413 1972 543 2037 VI.
590 1972 732 2034 Has
767 1982 902 2035 tam
946 1969 1290 2057 prosperae,
1334 1982 1599 2057 tamque
1644 1970 2009 2059 inopinatae

315 2096 422 2141 res
452 2072 792 2137 consecuta
819 2073 906 2137 est
931 2071 1141 2137 subita
1161 2073 1585 2137 commutatio
1596 2098 1617 2153 3
1665 2072 1845 2159 quod
1870 2073 2007 2137 for·

317 2188 480 2241 tuna
505 2175 620 2240 sua
643 2171 1028 2255 mobilitate,
1055 2192 1252 2262 quem
1274 2173 1469 2260 paulo
1495 2184 1645 2238 ante
1668 2173 2011 2255 extulerat,

319 2277 700 2364 demergere
727 2276 816 2340 est
844 2274 1091 2340 adorta.
1165 2274 1454 2340 Primum
1482 2274 1550 2337 in
1580 2273 1737 2353 filio,
1768 2274 1851 2338 de
1876 2295 2017 2360 quo

321 2375 826 2442 commemoravi
873 2376 1081 2464 supra,
1132 2375 1437 2439 saevitiam
1478 2373 1653 2439 suam
1698 2375 2009 2440 exercuit.

233 2502 294 2560 ²9
323 2479 528 2557 Nam,
559 2498 712 2552 cum
745 2497 1013 2542 uxorem
1051 2475 1413 2555 reduxiffet,
1455 2499 1605 2563 quae
1650 2475 1759 2540 alii
1804 2475 2015 2553 fuerat

322 2579 584 2658 tradita,
617 2578 953 2666 filiumque
983 2577 1178 2642 vellet
1203 2599 1500 2644 revocare
1531 2578 1613 2642 ad
1640 2579 1944 2644 virtutem
1973 2598 2017 2643 a

321 2680 574 2770 perdita
629 2677 902 2757 luxuria,
962 2677 1214 2764 accepit
1282 2678 1716 2765 graviffimum
1786 2699 2021 2764 parens

325 2783 568 2848 vulnus
593 2791 802 2844 morte
833 2779 990 2860 filii3
1023 2777 1258 2843 deinde
1283 2791 1425 2843 orta
1454 2779 1821 2842 diffenfione
1848 2778 2018 2842 inter

331 2905 487 2948 eum
517 2894 586 2946 et
611 2879 1052 2958 Heraclidem,
1087 2867 1202 2966 qui
1231 2878 1501 2966 quidem
1528 2877 1729 2942 Dioni
1775 2876 2017 2962 princi·

241 3011 300 3065 ²5
331 2996 558 3071 patum
605 3003 735 3045 non
787 2979 1149 3046 concedens
1199 2978 1547 3058 factionem
1600 2978 2017 3065 comparavit.

334 3085 574 3170 Neque
601 3080 658 3146 is
687 3081 904 3144 minus
931 3079 1186 3144 valebat
1213 3081 1383 3164 apud
1412 3079 1755 3165 optimates
1780 3104 1803 3159 3
1846 3102 2017 3165 quo-

335 3205 484 3250 rum
515 3181 821 3247 consensu
861 3191 1128 3266 praeerat
1155 3179 1347 3258 claffi,
1380 3201 1531 3245 cum
1564 3180 1739 3244 Dion
1771 3181 2019 3246 exerci-

337 3276 484 3351 tum
511 3283 860 3369 pedestrem
889 3293 1160 3346 teneret.
1247 3282 1403 3344 Non
1444 3281 1765 3370 tulithoc
1802 3282 2027 3346 animo

343 3406 533 3470 aequo
557 3383 759 3461 Dion,
789 3393 858 3447 et
885 3382 1132 3446 versum
1169 3379 1351 3444 illum
1394 3382 1671 3445 Homeri
1696 3380 1916 3446 retulit
1942 3401 2027 3446 ex

255 3515 314 3564 ³0
344 3483 622 3550 secunda
661 3481 1020 3568 rhapsodia,
1067 3480 1134 3543 in
1181 3503 1313 3567 quo
1350 3480 1495 3544 haec
1534 3480 1847 3544 sententia
1892 3481 1979 3544 est·
2002 3505 2025 3547 ε
2052 3525 2063 3530 -

346 3586 504 3654 Non
533 3582 702 3672 poffe
728 3583 898 3650 bene
913 3582 1058 3672 geri
1081 3581 1403 3668 rempubl.
1433 3580 1791 3646 multorum
1818 3581 2028 3667 impe-
2058 3633 2069 3644 ,

1808 3726 1819 3734 =
1888 3682 2025 3752 riis.
2110 3754 2117 3758 ,
