2587 4402
1042 975 1141 1042 VI
1147 1023 1165 1042 .

804 1155 1405 1236 LYSANDER.

258 1391 311 1456 1.
344 1368 861 1471 LYSANDER
888 1403 1424 1472 hceaaemonius
1451 1425 1754 1496 magnam
1797 1405 1948 1470 ren-

252 1501 391 1586 quit
417 1502 512 1566 sui
557 1503 823 1584 famam,
854 1507 1067 1595 magis
1108 1508 1444 1589 felicitate,
1473 1531 1666 1598 quam
1711 1509 1954 1574 virtute

250 1615 523 1688 partam.
556 1604 987 1672 Athenienses
1015 1610 1277 1676 enimin
1303 1611 1784 1699 Peloponnesios
1807 1610 1948 1674 sex-

253 1715 321 1768 to
349 1717 416 1770 et
444 1707 749 1774 vicefimo
790 1731 959 1774 anno
985 1711 1234 1777 bellum
1276 1725 1578 1801 gerentes
1615 1709 1955 1778 confecisse

199 1819 226 1872 5
255 1821 533 1894 apparet.
626 1809 706 1874 Id
752 1833 885 1899 qua
922 1812 1171 1879 ratione
1208 1814 1588 1880 consecutus
1625 1814 1722 1893 fit,
1764 1813 1952 1879 latet.

254 1907 405 1975 Non
448 1911 631 1976 enim
682 1912 923 1978 virtute
960 1915 1056 1980 sui
1098 1916 1442 1997 exercitus,
1475 1915 1583 1980 sed
1623 1913 1950 1980 immode-

256 2012 357 2078 stia
398 2014 647 2080 saetam
688 2017 775 2081 est
802 2017 1296 2090 adversariorum
1325 2044 1346 2100 ;
1394 2018 1533 2108 qui,
1563 2017 1738 2106 quod
1773 2017 1950 2083 dieto

256 2115 585 2182 audientes
624 2117 1117 2207 imperatoribus
1155 2119 1283 2185 suis
1325 2141 1458 2185 non
1489 2132 1698 2198 erant,
1741 2119 1949 2207 dispa-

256 2218 365 2283 lati
388 2221 457 2285 in
484 2223 687 2311 agris,
718 2222 957 2287 reliEtis
994 2224 1289 2305 navibus,
1321 2224 1390 2289 in
1429 2222 1707 2288 hostium
1751 2244 1949 2287 vene·

181 2345 229 2380 ιο
256 2334 401 2387 runt
426 2326 803 2410 potestatem
829 2350 849 2389 z
898 2346 1029 2413 quo
1066 2324 1239 2391 faao
1264 2324 1694 2391 Athenienses
1723 2324 1785 2389 se
1817 2324 1947 2388 La-

254 2423 665 2491 oedaemoniis
702 2424 1113 2491 dediderunt.
1166 2428 1352 2491 ·Hac
1395 2426 1664 2492 vifitoria
1702 2425 1948 2514 Lysana

252 2525 361 2591 der
402 2528 635 2607 elatus,
664 2550 821 2593 oum
860 2540 1049 2594 antea
1092 2528 1340 2617 semper
1368 2528 1670 2609 fafitiosus
1709 2529 1952 2595 audax·

252 2650 378 2715 que
426 2629 663 2710 fuisset,
714 2630 798 2694 fic
850 2630 965 2694 fibi
1010 2629 1295 2710 indulfit,
1346 2643 1424 2696 ut
1465 2630 1604 2719 ejus
1645 2652 1840 2719 opera
1881 2630 1952 2695 in

254 2730 607 2796 maximum
642 2731 869 2796 odium
902 2732 1173 2797 Graeciae
1219 2733 1696 2799 Lacedaemonii
1724 2756 1952 2821 perve-

180 2848 225 2900 15
255 2832 490 2899 norint.
577 2834 749 2897 Nam
783 2856 937 2898 cum
978 2833 1147 2898 hano
1176 2833 1427 2899 causam
1473 2832 1952 2899 lacedaemonii

253 2935 639 3001 diffitaffent
668 2936 781 3001 fibi
810 2936 937 3001 effe
962 2936 1146 3017 belli,
1174 2950 1255 3001 ut
1284 2924 1793 3003 Athenienfium'
1823 2935 1950 2999 im·-

253 3050 585 3124 potentem
612 3038 1121 3103 dominationem
1150 3038 1595 3126 refringerent,
1627 3039 1954 3125 postquam

254 3141 422 3228 apud
450 3142 663 3227 AEgos
690 3142 931 3205 flumen
970 3140 1296 3227 Lysander
1325 3140 1526 3232 claffis
1555 3141 1836 3205 hostium
1865 3142 1956 3207 est

256 3244 522 3330 potitus„
558 3242 720 3306 nihil
748 3240 929 3307 aiiud
954 3242 1221 3307 molitus
1250 3244 1360 3323 est,
1393 3264 1587 3331 quam
1621 3256 1694 3308 ut
1724 3264 1948 3309 omnes

182 3370 231 3405 ιο
258 3345 549 3410 civitates
579 3344 647 3407 in
676 3344 785 3407 sua
812 3356 1061 3409 teneret
1087 3345 1412 3431 potestate,
1443 3368 1596 3411 cum
1625 3346 1696 3410 id
1731 3346 1796 3409 se
1824 3347 1952 3409 La-

256 3448 798 3515 cedaemoniomm
832 3449 1017 3513 causa
1058 3448 1265 3513 facere
1309 3450 1651 3514 fimularet.
1741 3449 1954 3513 Nam·

260 3574 406 3638 que,
441 3549 753 3637 undique,
787 3550 899 3637 qui
928 3548 1418 3615 Atheniensium
1452 3551 1644 3615 rebus
1687 3548 1950 3615 studuis-

262 3651 413 3735 sent,
444 3652 701 3743 ejefifis,
734 3653 959 3719 decem
988 3650 1316 3740 delegerat
1343 3653 1410 3719 in
1439 3672 1825 3741 unaquaque
1855 3654 1952 3718 ci-

1014 3775 1057 3821 c
1082 3774 1125 3841 5
1729 3755 1955 3829 vitate)
