2587 4402
516 400 604 452 ,χ
676 417 683 428 .

509 578 513 582 ,
541 539 759 600 Deponit
790 538 1070 600 imperium,
1102 548 1155 586 et
1192 539 1322 586 Cha-

578 604 703 652 brias
732 604 959 652 succedit.
984 633 1001 650 2

699 701 914 747 OLYMP.
943 697 1145 754 xcvn,

520 808 565 844 ι.
598 793 929 856 Thrasybulus
996 807 1113 840 cum
1188 793 1330 842 classe

583 859 750 906 missus
784 859 837 905 in
856 859 1121 906 Thraciam
1154 870 1202 906 et
1225 859 1332 905 Les-

580 923 721 970 bum.
743 923 889 970 Diod.

520 1002 565 1037 2.
602 987 849 1047 Agefilaus
883 987 990 1034 Rex
1022 988 1332 1035 Lacedaemo-

582 1053 705 1100 nior.
724 1065 895 1112 agrum
920 1052 1229 1100 Corinthium
1245 1067 1330 1114 po-

584 1116 795 1177 pulatur.

520 1195 567 1242 3.
600 1179 929 1242 Thrasybulus
972 1181 1034 1228 ab
1079 1181 1333 1243 Aspendiis

584 1254 803 1294 necatus.
826 1245 973 1293 Diod.

684 1343 827 1389 'Omr
836 1356 875 1388 Μ
884 1357 925 1390 1».
956 1341 1135 1389 xcix.

526 1451 568 1485 1.
604 1437 961 1486 Lacedaemonii
1000 1453 1162 1486 arcem
1199 1439 1332 1487 The-

584 1503 759 1548 barum
783 1502 1050 1550 Cadmeam
1068 1515 1330 1567 occupant.

582 1567 785 1613 Diodor.
808 1567 998 1614 Aristid.
1033 1568 1201 1631 Polyb.

550 1629 745 1678 Bellum
793 1632 1113 1689 Laconicum,
1155 1633 1334 1681 Boeoti-

586 1709 722 1742 cum.
762 1696 909 1742 Diod.
945 1695 1029 1743 lib.
1070 1713 1153 1744 xv.
1189 1697 1333 1746 Arist.

584 1760 727 1808 Isocr.
749 1761 803 1806 in
828 1762 1137 1822 Panegyrico.

778 1857 991 1906 OLYMP.
1016 1859 1072 1906 C.

523 1971 571 2006 2.
603 1956 827 2004 Thebani
861 1957 1027 2004 exules
1058 1973 1153 2020 ope
1182 1959 1340 2007 Athe-

587 2021 737 2068 niens.
774 2021 1041 2070 Cadmeam
1078 2023 1334 2085 recipiunt.

583 2086 732 2135 Diod.
754 2085 983 2147 Xenoph.
1006 2086 1104 2136 alii.

553 2149 749 2203 Bellum
772 2151 1112 2200 Lace'dae‘mon.
1138 2150 1179 2200 1.

521 2229 572 2277 4.
608 2216 811 2275 Agesilai
834 2217 886 2263 in
914 2217 1155 2265 Boeotiam
1188 2232 1338 2279 expe-

589 2281 723 2327 ditio.

552 2344 777 2393 Chabriae
786 2344 983 2393 vitioria
997 2346 1056 2393 de
1072 2345 1334 2408 Spartanis.

551 2409 817 2469 Iphicrates
839 2410 901 2456 ab
914 2410 1195 2459 Atheniens.
1214 2418 1336 2459 aux-

584 2473 671 2521 ilio
715 2474 833 2535 Regi
870 2474 1115 2523 Persarum
1160 2478 1337 2524 Artax-

586 2538 688 2585 erxi
718 2538 944 2586 mittitur.
996 2541 1001 2545 '

765 2634 979 2681 OLYMP.
1005 2635 1086 2683 CI.

442 2734 450 2741 '
527 2743 572 2778 1.
603 2728 895 2779 Timotheus
940 2731 1335 2779 Lacedaemonios

586 2795 649 2841 ad
671 2794 943 2841 Leucadem
968 2795 1169 2856 superat.
1187 2796 1334 2844 Diod.

590 2857 625 2905 1.
652 2874 734 2906 xv.
756 2860 985 2920 Xenoph.
1010 2858 1043 2905 l.
1068 2874 1116 2906 v.

554 2922 779 2971 Chabriae
824 2923 1070 2971 interfeEto
1124 2924 1337 2972 succedit

590 2986 872 3048 Iphicrates.
894 2989 1039 3035 Diod.
1063 2988 1171 3035 ibid.

523 3066 575 3113 3.
608 3052 901 3099 Timotheus
934 3053 1197 3115 Corcyraeis
1218 3068 1338 3099 con-

588 3124 663 3163 tra
696 3116 1066 3164 ‘Laccdaemom
1132 3117 1338 3165 subsidio

588 3180 813 3227 mittitur.

552 3245 683 3293 Item
728 3246 1009 3305 Iphicrates.
1047 3245 1195 3293 Diod.
1238 3246 1336 3292 Xe-

584 3311 738 3371 noph.
761 3310 946 3371 Nepos,
972 3310 1247 3357 Frontinus.

552 3374 748 3423 Bellum
794 3375 1223 3421 Lacedaemonium
1270 3375 1336 3421 ΙΙ.

535 3464 547 3489 i
586 3439 712 3485 inter
744 3438 1088 3497 Athenienses,
1110 3449 1159 3485 et
1192 3440 1340 3486 Lace-

588 3504 876 3551 daemonios.
930 3503 1078 3552 Diod.
1138 3512 1187 3551 et
1240 3504 1340 3550 Xe·

590 3568 745 3626 noph.
813 3598 842 3613 ,»

462 3638 477 3651 χ
555 3634 839 3697 Iphicrates,
860 3631 1098 3680 exercitui
1122 3632 1340 3679 conduc-

582 3698 691 3749 titio
767 3696 1042 3760 praefefitus,
1117 3698 1338 3747 adversus

1052 405 1149 450 CH
1168 402 1576 458 RONQLOGI
1589 401 1628 448 A
1641 400 1670 451 ι’

1449 538 1707 600 AEgyptios
1724 536 2052 600 proficiscitur.
2081 536 2208 587 Dio»

1450 603 1552 649 dor.
1577 613 1625 650 et
1657 602 1796 650 aliter
1831 604 1976 664 paulo
2015 604 2210 665 Nepos-

1419 665 1762 714 Pharnabazus
1799 681 1917 714 cum
1963 669 2208 729 Iphicrate

1439 731 1660 779 adversus
1673 733 1930 796 AEgyptios
1947 733 2209 795 prosefitus.

1619 829 1834 878 mep.
1867 829 1988 876 CII.

1394 939 1438 974 2.
1473 923 1836 985 Epaminondas
1859 925 2120 988 Spartanos
2141 925 2216 974 adi.

1455 987 1653 1036 Leufiha
1676 989 1911 1052 profligat.

1421 1053 1706 1100 Boeoticum
1723 1054 1933 1102 Bellum.

1423 1117 1594 1178 Pugna
1661 1118 1906 1164 Lcu6trica
1980 1119 2212 1180 Spartan.-

1455 1196 1572 1230 cum
1584 1181 1850 1230 Thebanis.
1872 1183 2020 1230 Diod.
2041 1193 2089 1230 et
2101 1183 2204 1230 alii.

1391 1261 1441 1307 4.
1497 1246 1860 1307 Epaminondas
1939 1248 2214 1294 Laconiamt

1459 1310 1661 1369 invadit,
1675 1311 1896 1372 Spartam
1915 1314 2063 1373 capit,
2080 1312 2218 1360 Mes--

1455 1375 1620 1422 senem
1635 1377 1850 1423 restituit.
1871 1377 2016 1423 Diod.
2039 1387 2086 1423 et
2105 1376 2208 1426 alii.

1423 1435 1623 1488 Bellum
1659 1440 1960 1488 Laconicum
1984 1443 2220 1490 Arcadio,

1458 1505 1944 1552 Lacedaemoniorum
1965 1519 2084 1552 cum
2121 1508 2211 1552 Ar.

1459 1569 1677 1616 cadibus.

1426 1633 1690 1694 Iphicrates
1713 1633 2094 1682 Lacedaemoniis
2125 1634 2214 1682 ad·

1457 1697 1616 1745 versus
1645 1698 1858 1746 Arcadas
1891 1697 2074 1746 auxilio
2097 1699 2212 1748 mit-

1460 1762 1594 1808 titur.

1425 1827 1602 1884 Boeoti,
1623 1827 1747 1874 duce
1779 1826 2137 1890 Epaminonda,
2157 1826 2217 1874 in

1457 1890 1846 1952 Peloponnesum
1879 1891 2085 1950 ingreffi,
2109 1901 2158 1938 et
2177 1905 2216 1939 a.

1467 1955 1678 2004 Chabria
1699 1954 1980 2002 Atheniens.
1995 1957 2120 2004 duee
2141 1970 2220 2008 το·

1465 2019 1604 2080 pulsi.
1621 2019 1771 2067 Diod.
1788 2021 2014 2080 Xenoph.

1309 2093 1325 2110 ’
1428 2083 1680 2145 Pelopidas
1729 2093 1780 2131 et
1847 2085 2214 2146 Epaminondas

1416 2197 1424 2201 ,
1459 2149 1732 2196 Arcadibus
1755 2149 1940 2196 auxilio
1969 2164 2000 2196 a
2017 2150 2216 2198 Theba»

1461 2214 1540 2262 nis
1571 2214 1849 2263 mittuntur.
1889 2215 2038 2269 Diod.
2066 2215 2212 2263 -Plut.

1462 2278 1514 2325 in
1559 2278 1772 2339 Pelopid.
1812 2280 1988 2327 Justin.
2039 2279 2076 2329 l.
2125 2282 2214 2333 vii.

1461 2342 1594 2406 Nep.
1616 2343 1856 2405 inPelop.
1883 2344 1995 2391 alii..

1615 2440 1830 2511 erxur.
1854 2440 1989 2489 CIII.

1401 2552 1444 2590 1.
1491 2537 1742 2599 Pelopidas
1811 2539 1872 2587 ab
1934 2539 2220 2591 Alexand&

1461 2605 1659 2651 Pheraeo
1690 2605 1740 2650 in
1780 2604 1982 2651 vincula
2013 2604 2224 2662 conjici-

1459 2677 1555 2715 tur.
1582 2669 1727 2715 Diod.
1765 2668 2004 2723 Plutarch.
2027 2669 2222 2729 Nepos,

1467 2733 1666 2781 Pausan.
1691 2734 1744 2780 in
1767 2734 1922 2779 Boeot.

1427 2796 1706 2844 Thebanor.
1721 2810 1839 2845 cum
1866 2796 2092 2845 Arcadib.
2111 2796 2214 2845 bel-

1463 2861 1588 2909 lum.

1429 2924 1690 2989 Dionysius
1729 2926 2072 2986 Syracusarum
2114 2925 2160 2973 T
2161 2941 2216 2987 y-

1346 3006 1359 3019 ·
1462 3003 1642 3039 rannus
1681 2990 1902 3037 moritur.
1945 2990 2114 3051 Nepos
2153 2990 2217 3041 de

1461 3053 1688 3163 Rlegibus.
1713 3054 1942 3101 Eusebius
1961 3056 2013 3103 in
2031 3054 2217 3105 Chron-

1466 3134 1493 3164 3
1515 3134 1568 3164 n.

1403 3198 1448 3231 2.
1484 3182 1734 3244 Pelopidas
1749 3181 1994 3230 liberatur.

1396 3262 1447 3309 4.
1481 3246 1681 3294 Bellum·
1708 3246 1958 3293 Arcadum
1987 3254 2036 3293 et
2069 3246 2210 3293 Eleo-

1463 3326 1592 3358 rum.
1605 3311 1750 3357 Diod.
1773 3310 1858 3357 lib.
1882 3326 1966 3357 xv.
1983 3310 2214 3373 Xenoph.

1463 3376 1638 3423 Justin.
1663 3376 1880 3423 Frontin.

1628 3470 1844 3521 owni».
1868 3469 1996 3519 CIV.

1409 3584 1452 3619 1.
1485 3567 1738 3631 Pelopidas
1781 3568 1948 3631 praelio
1994 3567 2216 3616 adversus

1468 3634 1806 3681 Alexandrum
1838 3634 2092 3681 Pheraeum
2135 3644 2217 3679 ca-

1467 3699 1555 3747 dit.
1577 3699 1706 3748 Plut.
1721 3700 1904 3762 Nepos,
1926 3698 2220 3809 medea-'he-
