2587 4402
935 1220 1318 1295 CIMON.

265 1476 322 1541 1.
357 1450 700 1545 CIMON
745 1476 1072 1543 Miltiadis
1113 1479 1308 1561 filius,
1338 1480 1771 1563 Athenien63‚
1802 1482 1966 1550 duro

261 1582 624 1648 admodum
673 1580 862 1669 initi9
899 1581 1049 1647 usus
1090 1583 1177 1646 est
1205 1580 1675 1667 adolescentiae.
1764 1586 1965 1668 Nam,

263 1706 419 1750 eum
454 1696 636 1772 pater
659 1683 800 1771 ejus
827 1683 1014 1749 litem
1058 1685 1429 1751 aestimatam
1458 1686 1702 1774 populo
1729 1687 1969 1755 solvere

266 1811 400 1853 non
448 1786 770 1875 potuiffet,
821 1786 908 1851 ob
955 1808 1230 1875 eamque
1279 1788 1533 1853 causam
1580 1790 1647 1853 in
1691 1790 1969 1857 vinculis

206 1919 236 1969 5
266 1890 551 1979 publicis
595 1888 960 1970 deceffiss‘et,
1007 1890 1244 1955 Cimon
1296 1892 1525 1956 eadem
1554 1892 1839 1959 custodia
1868 1904 1967 1958 te-

265 1994 572 2073 nebatur,
629 2013 854 2079 neque·
897 1990 1158 2079 legibus
1210 1992 1705 2061 Athenienfium
1754 1993 1971 2063 emitti

265 2106 542 2181 poterat,
573 2093 696 2159 nifi.
728 2094 1092 2181 pecuniam,
1123 2118 1254 2184 qua
1291 2109 1473 2185 pater
1511 2098 1827 2165 multatus
1870 2098 1968 2163 es-

265 2198 380 2278 set,
430 2196 723 2264 solviss'et.
813 2196 1122 2262 Habebat
1167 2213 1391 2265 autem
1438 2200 1509 2266 in
1554 2199 1970 2266 matrimonio

265 2300 547 2365 sororem
602 2297 780 2364 suam
826 2296 1229 2388 germanam,
1275 2299 1561 2366 nomine
1601 2299 1969 2387 Elpinicen,

183 2413 238 2450 ¹0
267 2423 398 2468 non
450 2401 664 2490 magis
711 2421 950 2480 amore,
987 2421 1188 2489 quam
1225 2401 1437 2489 patrio
1478 2423 1661 2468 more
1707 2401 1969 2477 ductus.

265 2503 446 2594 Nam
487 2500 992 2566 Atheniensibus
1045 2500 1206 2567 licet
1263 2503 1497 2570 eodem
1552 2517 1735 2590 patre
1787 2515 1973 2568 natas

263 2627 500 2672 uxores
527 2605 789 2670 ducere.
859 2602 1082 2691 Hujus
1108 2604 1399 2693 conjugii
1427 2607 1701 2693 cupidus
1732 2607 1973 2672 Calliae

264 2707 558 2796 quidam,
589 2726 720 2771 non
749 2717 886 2770 tam
927 2705 1295 2794 generosae,
1327 2729 1523 2795 quam
1564 2709 1971 2795 pecuniosuS,

265 2809 382 2899 qui
412 2817 686 2897 magnas
725 2809 1033 2896 pecunias
1079 2829 1160 2872 ex
1207 2808 1484 2875 metallis
1534 2809 1795 2890 fecerat,
1832 2809 1975 2895 egit

183 2928 236 2978 ι5
265 2933 422 2977 eum
455 2910 754 2990 Cimone,
786 2919 862 2974 ut
905 2931 1048 2974 eam
1093 2907 1208 2976 fibi
1251 2933 1521 2976 uxorem
1563 2912 1745 2998 daret
1762 2933 1784 2990 3
1831 2909 1900 2974 id
1930 2908 1979 2972 st

266 3011 681 3102 impetrasset,
729 3009 794 3076 se
847 3029 966 3098 pro
1013 3009 1132 3076 illo
1186 3012 1530 3098 pecuniam
1587 3009 1973 3078 soluturum.

267 3118 338 3182 Is
376 3137 531 3180 cum
575 3113 774 3178 talem
815 3109 1258 3177 conditionem
1304 3113 1757 3200 aspernaretur,
1788 3113 1978 3200 Elpi-

273 3218 422 3283 nice
465 3215 727 3302 negavit
764 3213 828 3278 se
869 3213 1180 3300 paffuram
1223 3214 1548 3280 Miltiadis
1590 3217 1983 3304 progeniem-
2071 3238 2077 3244 ’

269 3321 340 3384 in
371 3317 647 3384 vinculis
674 3315 954 3403 publicis
999 3317 1305 3396 interire3
1352 3318 1793 3406 quoniamque
1832 3339 1979 3403 pro-

181 3443 244 3478 πο
271 3422 499 3486 hibere
547 3419 770 3507 pofl'et,
805 3417 868 3483 se
915 3417 1138 3484 Calliae
1185 3430 1555 3508 nupturam,
1597 3419 1637 3483 fi
1682 3437 1780 3500 ea,
1828 3437 1981 3506 quae‘

271 3523 711 3612 polliceretur,
744 3513 1138 3607 praestitifl'et.

361 3627 456 3690 ΙΙ.
498 3623 648 3689 Tali
669 3621 866 3687 modo
884 3620 1169 3686 custodia
1191 3621 1505 3688 liberatus
1533 3620 1773 3688 Cimon
1804 3621 1975 3688 eele-

271 3728 431 3798 riter
455 3726 542 3794 ad
581 3724 1016 3816 principatum
1059 3723 1376 3810 pervenit.
1463 3723 1771 3792 Habebat
1796 3722 1977 3788 enim

1052 3844 1095 3890 c
1122 3843 1162 3912 3
1825 3822 1976 3891 satie
