2587 4402
868 444 1308 496 nnuman..
1805 440 1928 514 147

238 574 502 641 litavit.
590 576 849 643 Horum
886 578 956 643 in
994 580 1304 644 concursu
1337 576 1638 665 Bithyni,
1683 578 1931 643 Hanni-

244 677 411 743 balis
454 692 797 765 praeceptO,
828 679 1093 743 univerfi
1139 702 1368 745 navem
1416 679 1726 744 Eumenis
1774 680 1932 745 ado-

244 778 543 857 riuntur3
604 800 883 865 quorum
928 780 1063 845 vim
1100 804 1255 847 cum
1303 804 1415 845 rex
1457 780 1755 845 sustinere
1802 801 1936 845 non

246 880 478 968 poffet,
522 878 681 968 fuga
724 878 993 945 salutem
1045 882 1257 969 petiit,
1313 886 1512 969 quam
1559 881 1939 946 consecutus

187 988 217 1043 5
250 1004 384 1047 non
436 978 611 1061 effet,
664 981 777 1046 nifi
809 980 975 1046 intra
1012 981 1125 1047 sua
1162 982 1450 1068 praefidia
1487 982 1552 1046 se
1586 980 1939 1066 recepiffet,

246 1104 398 1169 quae
426 1082 495 1146 in
520 1082 811 1169 proximo
836 1082 1027 1147 litore
1056 1096 1240 1147 erant
1258 1082 1598 1148 collocata.
1645 1081 1941 1171 Reliquae

250 1184 669 1271 Pergamenae
720 1204 913 1248 naves
961 1206 1113 1249 cum
1150 1184 1534 1249 adversarios
1577 1197 1944 1271 premerent

251 1284 489 1363 aerina,
522 1297 785 1371 repente
829 1284 899 1349 in
944 1307 1053 1349 eas
1098 1286 1241 1349 vasa
1288 1285 1534 1365 fictilia,
1573 1284 1656 1349 de
1702 1285 1944 1373 quibus

251 1385 440 1472 supra
466 1384 863 1451 mentionem
890 1383 1186 1465 fecimus,
1220 1386 1457 1473 conjici
1501 1396 1716 1471 coepta
1752 1386 1900 1450 sunt
1917 1410 1942 1466 ς

162 1496 225 1531 ⁸0
255 1509 405 1574 quae
423 1485 601 1575 jacta
628 1486 817 1550 initio
840 1486 1036 1551 risum
1078 1487 1518 1573 pugnantibus
1559 1488 1945 1566 excitarunt,

254 1609 497 1674 neque,
528 1608 723 1674 quare
753 1585 823 1650 id
866 1586 1068 1665 fieret,
1099 1598 1352 1673 poterat
1380 1586 1680 1675 intelligi.
1771 1586 1944 1651 Post·-

256 1712 461 1775 quam
523 1703 741 1753 autem
802 1709 996 1753 naves
1059 1687 1424 1775 completas
1484 1689 1950 1775 conspexerunt
2019 1757 2026 1763 ,

256 1790 681 1878 serpentibuS,
724 1812 890 1855 nova
916 1812 984 1853 re
1013 1790 1352 1877 perterriti,
1383 1800 1534 1855 c'um
1565 1789 1723 1879 quid
1751 1788 1947 1878 potis-

258 1894 493 1959 fimum
548 1891 826 1957 vitarent
870 1913 998 1954 non
1050 1891 1360 1969 viderent,
1412 1912 1656 1977 puppes
1695 1904 1945 1956 averte-

165 2005 225 2058 15
259 2006 439 2073 runt,
490 1993 683 2079 seque
728 1992 812 2056 ad
859 1992 973 2056 sua.
1012 1994 1207 2056 castra
1258 1994 1520 2058 nautica
1562 1992 1947 2060 retulerunt.

260 2093 374 2161 Sic
414 2092 748 2159 Hannibal
782 2091 1043 2157 confilio
1070 2115 1249 2157 arma
1274 2096 1819 2181 Pergamenorum
1841 2094 1949 2161 su-

257 2195 546 2284 peravit3
594 2215 804 2280 neque
832 2208 978 2259 tum
1006 2192 1237 2273 solum,
1278 2194 1386 2259 sed
1427 2195 1588 2283 saepe
1625 2194 1805 2276 alias,
1833 2219 1950 2286 pe-

250 2297 574 2363 destribus
600 2295 803 2383 copiis
830 2296 969 2383 pari
1010 2295 1356 2384 prudentia
1379 2290 1632 2386 pepulit
1659 2297 1950 2364 adversa.-

251 2423 415 2466 nos.
1210 2463 1219 2470 .

166 2521 231 2557 ιο
336 2502 501 2567 XII.
534 2501 707 2566 Quae
725 2499 883 2566 dum
906 2500 974 2565 in
997 2499 1147 2566 Afia
1164 2513 1506 2588 geruntur,
1527 2501 1766 2568 accidit
1781 2501 1954 2584 casu,
2071 2515 2076 2520 ’

264 2617 345 2670 ut
370 2602 577 2690 legati
603 2602 829 2666 Prufiae
854 2605 1081 2667 Romae
1124 2603 1297 2690 apud
1328 2605 1409 2669 L.
1426 2603 1779 2670 Quintium
1805 2604 1954 2670 Fla-

266 2704 544 2770 minium
572 2702 899 2768 consulem
930 2716 1280 2783 coenarent,
1301 2717 1521 2793 atque,
1539 2705 1627 2771 ibi
1651 2703 1734 2770 de
1764 2707 1954 2770 Han·-

267 2803 484 2870 nibale
510 2804 845 2868 mentione
875 2802 1065 2885 facia,
1096 2825 1177 2869 ex
1201 2803 1308 2869 his
1321 2824 1504 2870 ’unus
1531 2805 1774 2871 diceret
1801 2827 1958 2870 eum

268 2906 339 2969 in
370 2905 602 2970 Prufiae
632 2925 835 2992 regno
863 2902 1010 2969 effe.
1085 2903 1163 2969 Id
1191 2906 1438 2991 postero
1467 2906 1576 2971 die
1604 2904 1958 2971 Flaminius

174 3023 233 3074 ²5
270 3005 540 3072 Senatui
587 3005 847 3070 detulit.
936 3007 1153 3071 Patres
1190 3007 1555 3094 conscripti,
1599 3007 1735 3095 qui,
1767 3007 1956 3074 Han·

268 3107 489 3174 nibale
540 3107 711 3186 vim,
764 3129 1093 3194 nunquam
1140 3107 1205 3170 se
1249 3108 1376 3172 fine
1423 3108 1661 3188 infidiip
1705 3108 1959 3176 futuros
2031 3133 2046 3142 ‘

269 3210 739 3289 existimabant,
782 3208 1031 3296 legatos
1080 3210 1149 3274 in
1193 3211 1578 3298 Bithyniam
1621 3212 1956 3294 miserunt,

270 3313 339 3376 in
368 3311 477 3375 his
524 3309 939 3390 Flaminium,
970 3311 1084 3398 qui
1108 3333 1149 3376 a
1176 3334 1332 3398 rege
1373 3325 1684 3400 peterent„
1717 3335 1798 3378 ne
1828 3314 1956 3378 ini-

272 3413 679 3479 miciffimum
712 3412 893 3478 suum
918 3412 1136 3478 secum
1164 3413 1455 3495 haberet,
1481 3415 1726 3504 fibique
1741 3427 1818 3480 ut
1843 3415 1960 3480 de-

184 3541 243 3587 30
276 3513 479 3579 deret.
567 3512 695 3577 His
719 3512 957 3578 Prusias
989 3535 1225 3602 negare
1254 3516 1442 3580 ausus
1469 3538 1599 3580 non
1629 3518 1747 3580 est:
1793 3515 1962 3582 illud

276 3613 610 3694 recusavh,
634 3635 715 3678 ne
738 3613 808 3678 id
838 3635 877 3678 a
913 3613 977 3678 se
1017 3614 1151 3679 fieri
1180 3616 1588 3703 postularent,
1627 3617 1808 3705 quod
1840 3618 1959 3682 ad-

1056 3737 1105 3781 n
1134 3737 1171 3786 2
1745 3719 1960 3787 versun

1145 3847 1157 3859 ο
1919 3827 1944 3854 Ι
