2587 4402
489 394 586 467 4ο
1097 394 1607 449 memnona-

493 548 682 595 mum
714 536 892 593 ratus
935 525 1423 615 impendentem
1462 528 1705 597 evitare
1734 524 2203 615 tempestatem,

495 630 667 699 clam
695 631 758 695 se
787 650 828 695 a
853 629 1224 696 custodibus
1267 630 1597 711 subduxit,
1624 640 1695 695 et
1724 628 1877 694 inde
1917 627 2205 714 primum

494 732 779 812 Elidem,
812 731 1048 797 deinde
1076 732 1341 798 Thebas
1370 732 1571 800 venit.
1619 733 1951 817 Postquam
1982 741 2204 795 autem

451 824 462 843 ’
491 834 558 901 se
604 834 832 922 capitis
861 833 1267 915 damnatum,
1298 835 1491 902 bonis
1532 833 1877 921 publicatis
1888 878 1911 911 ,
1932 830 2205 911 audivit,

495 950 566 1005 et
591 937 686 1018 id,
723 936 902 1024 quod
930 937 1048 1003 usu
1077 948 1363 1015 venerat,
1395 934 1815 1024 Eumolpidas
1844 932 2207 999 sacerdotes

497 1062 540 1109 a
563 1038 804 1128 populo
832 1038 1114 1119 canwS,
1140 1052 1218 1103 ut
1241 1038 1307 1103 se
1349 1037 1761 1115 devoverent,
1785 1034 2051 1122 ejusque
2090 1032 2209 1102 de-

497 1139 804 1221 votioniS,
853 1162 990 1227 quo
1041 1140 1323 1205 testatior
1378 1140 1531 1204 effet
1586 1138 1923 1217 memoria,
1984 1157 2209 1204 exem-

497 1243 704 1332 plum,
749 1242 818 1309 in
855 1242 988 1329 pila
1031 1242 1286 1330 lapidea
1328 1242 1625 1322 incisum,
1654 1241 1779 1307 effe
1822 1240 2097 1329 pofitum
2139 1238 2213 1305 in

498 1346 788 1433 publico,
837 1345 1375 1413 Lacedaemonem
1426 1345 1839 1435 demigravit.
1952 1343 2081 1424 Ibi,
2133 1352 2213 1408 ut

370 1510 381 1517 .
499 1449 632 1536 ipse
683 1448 1028 1534 praedicare
1081 1448 1517 1531 consueverat,
1564 1472 1697 1515 non
1741 1446 2039 1514 adversus
2088 1468 2209 1533 pa-

499 1550 718 1631 triam,
766 1550 875 1617 sed
923 1550 1224 1617 inimicos
1271 1552 1419 1616 suos
1468 1552 1719 1617 bellum
1766 1552 1975 1639 gestit,
2032 1548 2217 1637 quod

502 1651 704 1717 iidem
734 1651 944 1719 hostes
973 1651 1170 1719 effent
1199 1653 1469 1719 civitati.
1542 1655 1749 1733 Nam,
1783 1675 1939 1717 cum
1968 1641 2225 1717 intelli-'

501 1764 736 1842 gerent
761 1754 826 1819 se
853 1753 1208 1840 plurimum
1251 1754 1536 1841 prodeffe
1580 1754 1978 1843 reipublicae,
2012 1776 2093 1818 ex
2136 1774 2216 1819 ea

503 1854 774 1943 ejecisse,
805 1856 1074 1943 plusque
1120 1855 1230 1921 irae
1279 1857 1433 1937 suae,
1464 1878 1659 1945 quam
1706 1855 1977 1921 utilitati
2012 1866 2213 1921 'com-

502 1956 689 2023 muni
719 1956 1010 2043 paruiffe.
1101 1959 1331 2046 Itaque
1377 1957 1573 2045 hujus
1610 1958 1873 2023 confilio
1903 1956 2212 2023 Lacedae·
2260 2016 2271 2025 .

502 2057 710 2125 monii
741 2080 892 2123 cum
922 2059 1248 2124 Persarum
1279 2081 1437 2147 rege
1479 2059 1833 2127 amicitiam
1876 2058 2213 2141 fecerunt3

505 2157 740 2226 deinde
787 2158 1128 2226 Deceliam
1181 2160 1250 2224 in
1302 2160 1529 2226 Attica
1570 2162 1973 2242 munierunt,
2004 2160 2217 2248 praefi-

504 2260 746 2349 dicque
796 2272 1108 2348 perpetuo
1146 2261 1240 2328 ibi
1289 2262 1515 2349 posito,
1546 2263 1617 2329 in
1648 2263 1975 2330 obfidione
2000 2264 2217 2328 Athe-

506 2384 626 2432 nas
649 2375 1022 2430 tenuerunt.
1105 2363 1409 2452 Ejusdem
1440 2389 1635 2454 opera
1659 2369 1916 2433 ‚Ioniam
1946 2391 1987 2432 a
2008 2367 2215 2432 socie-

506 2475 644 2530 tate
663 2476 1031 2532 averterunt
1041 2466 1559 2536 Athenienfium.
1608 2472 1765 2538 Quo
1783 2470 1980 2552 faao,
2008 2470 2221 2536 multo

507 2565 864 2653 superiores
893 2566 1071 2632 bello
1087 2566 1210 2634 effe
1231 2583 1591 2658 coeperunt.

595 2669 685 2734 V.
713 2669 950 2756 Neque
977 2692 1130 2737 vero
1153 2670 1258 2736 his
1285 2673 1483 2739 rebus
1504 2685 1639 2738 tam
1666 2675 1860 2740 amici
1890 2675 2221 2741 Alcibiadi

510 2769 660 2836 sunt
695 2768 871 2850 faeti,
905 2795 1100 2858 quam
1132 2773 1367 2840 timore
1408 2777 1489 2841 ab
1532 2799 1612 2841 eo
1648 2777 1931 2843 alienati.
2020 2780 2221 2860 Nam,

511 2892 666 2937 cum
720 2873 1013 2938 acerrimi
1071 2874 1189 2940 viri
1239 2879 1643 2962 praestantem
1692 2881 2101 2966 prudentiam
2152 2881 2221 2944 in

511 2972 816 3039 omnibus
843 2975 1038 3039 rebus
1069 2976 1557 3062 cognoscerent,
1588 2982 2084 3067 pertimuerunt,
2112 3005 2219 3063 ne,

511 3073 778 3140 caritate
805 3076 1026 3161 patriae
1055 3077 1315 3159 ductura,
1339 3079 1685 3167 aliquando
1714 3087 1795 3147 ab
1828 3083 1970 3170 ipfis
1988 3083 2219 3150 descis-

515 3186 715 3255 ceret,
749 3186 816 3240 et
845 3197 998 3241 cum
1035 3177 1162 3242 suis
1205 3179 1272 3274 in
1320 3181 1595 3268 gratiam
1638 3185 1900 3250 rediret.
1994 3188 2224 3273 Itaque

515 3287 778 3365 tempus
807 3278 946 3366 ejus
990 3279 1415 3346 interficiendi
1460 3305 1747 3368 quaerere
1789 3287 2219 3354 instituerunt.

517 3377 600 3442 Id
658 3379 988 3444 Alcibiadi
1047 3381 1291 3446 diutius
1343 3383 1535 3448 celari
1582 3409 1714 3450 non
1762 3390 2018 3474 potuit:
2086 3401 2222 3453 erat

2242 940 2273 997 ⁵

2254 2498 2320 2538 20

2258 3012 2319 3066 ²⁵

515 3481 694 3547 enim
733 3505 810 3548 ea
846 3483 1190 3572 sagacitate
1236 3497 1313 3550 ut
1350 3486 1565 3574 decipi
1606 3511 1735 3554 non
1788 3491 2009 3577 poffet,
2054 3515 2220 3578 prae-
2258 3521 2321 3569 30

455 3643 462 3649 .
517 3583 734 3652 sertim
769 3609 922 3654 cum
965 3587 1258 3684 animum
1302 3591 1666 3662 attendisset
1706 3593 1790 3658 ad
1832 3596 2219 3660 cavendum.

1991 3698 2221 3784 Itaque
