2587 4402
829 470 1293 519 razon-uus,
1811 474 1902 543 9,

88 696 101 713 ·
192 599 687 670 liberandarum
727 603 1105 681 Thebarum
1146 600 1404 693 propria
1438 600 1589 669 laus
1635 604 1726 669 est
1779 608 1900 673 Pe-

195 704 483 792 lopidae:
552 718 803 772 caeterae
852 706 989 772 fere
1034 726 1265 773 omnes
1315 728 1698 779 communes
1745 729 1902 775 cum

190 808 679 895 Epaminonda.
767 812 1079 897 Namque
1135 808 1206 875 iu
1264 810 1606 877 Leuarica
1651 832 1900 899 pugna,

198 908 595 997 imperatum
622 910 1092 999 Epaminonda,
1124 911 1235 975 hic
1282 908 1411 975 fuit
1453 909 1588 977 dux
1633 909 1906 978 deleaae

142 1018 170 1069 5
198 1032 462 1090 manuS,
494 1034 650 1098 quae
684 1012 893 1098 prima
918 1011 1314 1099 phalangem
1337 1012 1666 1098 prostravit
1689 1016 1902 1079 Laco·-

112 1124 126 1134 ‘
199 1134 387 1177 num.
442 1112 769 1177 Omnibus
798 1124 1105 1199 praeterea
1132 1112 1434 1199 periculis
1461 1100 1691 1179 adfuit.
1755 1113 1901 1179 Sic-

199 1226 276 1277 ut
324 1214 631 1300 Spartam
682 1235 837 1277 cum
884 1212 1316 1299 oppugnavit,
1371 1212 1648 1278 alterum
1695 1215 1908 1281 tenuit

200 1335 457 1393 cornu3
505 1333 767 1399 quoque
813 1311 1103 1377 Messena
1138 1311 1412 1379 celerius
1452 1314 1903 1396 restitueretur,

198 1414 469 1503 legatus
497 1414 568 1478 in
602 1412 815 1479 Persas
856 1416 947 1479 est
992 1415 1342 1503 profeeffls·
1429 1416 1732 1504 Denique
1762 1417 1906 1481 haee

122 1528 177 1563 ¹0
204 1512 332 1585 fu'it
378 1518 585 1583 altera
627 1517 890 1603 persona
914 1518 1190 1600 Thebis,
1220 1518 1334 1587 sed
1373 1530 1592 1584 tamen
1631 1518 1908 1587 secunda

196 1621 319 1703 ita,
350 1634 439 1688 ut
478 1620 773 1707 proxima
800 1619 955 1685 effet
982 1620 1492 1708 Epaminondae„

284 1724 388 1789 V.
434 1721 865 1788 'Conflistatus
890 1732 1110 1787 autem
1152 1722 1239 1787 est
1288 1744 1440 1787 cum
1479 1721 1736 1789 adverb
1772 1720 1906 1789 for-

197 1838 395 1891 tuna.
486 1824 663 1889 Nam
714 1836 786 1889 et
822 1823 1039 1903 initio,
1084 1824 1247 1887 ficut
1288 1824 1702 1905 ostendimus,
1749 1824 1910 1891 exul

211 1927 423 2013 patria
448 1925 658 1991 caruit
665 1948 688 2006 3
720 1937 809 2005 et,
840 1946 995 1990 oum
1020 1923 1408 1990 Thefl'aliam
1437 1923 1506 1990 in
1533 1926 1911 2012 potestatem

130 2037 183 2089 ι5
212 2028 690 2121 Thebanorum
746 2038 1013 2112 cuperet
1067 2025 1383 2114 redigere,
1443 2026 1912 2115 legationisque

196 2128 353 2217 jure
402 2127 553 2193 satis
602 2126 852 2193 teaum
897 2127 961 2192 se
1008 2126 1450 2208 arbitraretur,
1505 2126 1688 2215 quod
1739 2126 1914 2214 apud

206 2253 451 2298 omnes
500 2241 735 2318 gentes
790 2227 1079 2297 sanetum
1126 2230 1249 2296 effe
1297 2229 1666 2309 consueffet,
1689 2227 1696 2254 ²
1717 2253 1760 2294 a
1802 2242 1912 2318 ty·

212 2356 424 2400 ranno
473 2330 845 2396 Alexandro
894 2331 1154 2396 Pheraeo
1204 2332 1392 2396 fimul
1440 2353 1594 2396 cum
1642 2331 1916 2398 Ismenia

219 2432 723 2522 comprehensus
753 2431 820 2497 in
853 2432 1115 2498 vincula
1142 2431 1472 2519 conje&us
1511 2434 1622 2498 est.
1711 2435 1916 2498 Hune

136 2555 191 2588 ²0
220 2534 703 2626 Epaminondae
744 2531 1145 2619 recuperavit
1185 2531 1362 2598 bello
1401 2534 1786 2621 persequens
1813 2532 1914 2598 A-

218 2636 631 2704 lexandrum.
712 2634 851 2699 Post
864 2633 943 2698 -id
972 2632 1216 2700 fassum
1250 2655 1586 2721 nunquam
1613 2634 1669 2698 is
1695 2635 1918 2700 animo

221 2737 467 2826 placari
496 2733 710 2822 potuit
738 2733 807 2797 in
834 2755 1011 2812 eum,
1042 2755 1081 2798 a
1104 2755 1237 2820 quo
1266 2746 1402 2800 erat
1429 2733 1732 2800 violatus·
1780 2737 1916 2800 Ita-

218 2863 357 2929 que
404 2837 701 2925 persuafit
740 2835 1096 2916 Thebani8‚
1140 2849 1221 2902 ut
1259 2837 1532 2902 subsidio
1589 2836 1921 2903 Thessaliae

224 2939 797 3030 proficiscerentur,
842 2937 1271 3024 tyrannosque
1319 2936 1458 3025 ejus
1501 2935 1918 3024 expellerent.

142 3053 195 3106 ι5
229 3042 441 3131 Cujus
480 3038 637 3106 belli
686 3059 839 3104 cum
886 3037 949 3102 ei
999 3037 1249 3102 summa
1290 3037 1445 3102 ess'et
1491 3037 1662 3117 data,
1713 3037 1923 3126 eoque

230 3166 385 3209 cum
442 3140 741 3207 exercitu·
786 3137 1111 3225 profeRue
1154 3138 1329 3218 esset,
1389 3159 1519 3203 non
1575 3139 1922 3222 dubitavit,

233 3243 423 3310 fimul
448 3265 525 3308 ac
554 3240 883 3328 conspexit
908 3238 1177 3319 hostem,
1208 3239 1578 3328 confligere.
1671 3243 1748 3306 In
1789 3261 1925 3329 quo

232 3346 459 3434 praelio
502 3341 971 3430 Alexandrum·
994 3353 1071 3406 ut
1111 3340 1587 3422 animadvertit,
1631 3341 1928 3408 incensus

236 3447 333 3512 ira
377 3467 622 3532 equum
665 3442 735 3508 iu
790 3463 943 3507 eum
995 3441 1367 3523 concitavit,
1409 3444 1764 3531 proculque
1821 3439 1926 3507 di·
1987 3491 2000 3504 .

152 3571 211 3620 30
240 3547 483 3636 greffus
511 3569 553 3612 a
576 3545 731 3626 suis,
760 3543 1061 3632 conje8m
1089 3543 1370 3610 telorum
1395 3543 1712 3630 confofl‘up
1750 3543 1926 3608 ceci-

1022 3665 1063 3707 r
1095 3662 1135 3712 2
1804 3643 1928 3712 dit.
