2587 4402
658 401 784 470 182
1118 423 1506 472 connum
1543 422 1880 472 ntro-rm

648 551 1067 638 praevaiidam
1112 555 1281 621 hanc
1311 560 1566 637 urbem,
1595 557 2036 645 majoremque
2069 553 2344 620 Cartha-

645 655 805 743 gine
836 679 1113 746 magna3
1156 672 1467 747 praeterea
1497 683 1577 726 ex
1605 659 1866 724 adverso
1883 657 2022 744 ejus
2054 658 2263 738 fitam,
2283 673 2346 724 et

643 780 845 847 prope
886 760 1199 828 immenso
1228 765 1439 830 transtu
1485 766 1566 828 ab
1609 761 1855 850 Tingi·
1836 809 1856 841 ,
1904 783 2186 848 quaeque
2231 762 2348 826 alia

646 859 990 927 Cornelius
1020 866 1245 951 Nepos
1274 865 1620 930 avidiflime
1651 862 1947 928 credidit.
1994 865 2074 928 L.
2089 885 2152 928 v.
2175 885 2240 929 c.
2271 884 2322 930 1.

749 963 981 1051 Aliqui
1052 965 1221 1031 inter
1307 969 1582 1032 Pontum
1657 979 1726 1030 et
1796 963 2099 1050 Caspium
2175 987 2348 1032 mare

644 1083 995 1132 cchxxv
1033 1089 1116 1131 M.
1150 1069 1302 1155 paff.
1337 1092 1468 1133 non
1510 1067 1789 1155 amplius
1821 1065 2111 1132 intereffe
2141 1069 2342 1134 tradi-

636 1165 919 1232 derunt=
970 1170 1315 1236 Cornelius
1347 1175 1572 1258 Nepos
1605 1192 1744 1236 CCL
1783 1191 1866 1234 M.
1913 1169 2059 1235 Lib.
2096 1170 2188 1250 vi,
2229 1191 2288 1236 1.

725 1271 1035 1358 Polybius
1068 1273 1134 1336 in
1165 1287 1455 1338 extrema
1485 1273 1878 1338 Mauritania
1896 1284 2120 1336 contra
2149 1295 2344 1340 mon-

635 1383 771 1438 tem
801 1373 1135 1440 Atlantem
1170 1401 1207 1441 a
1252 1390 1422 1442 terra
1449 1377 1644 1440 stadia
1689 1376 1839 1439 οᾶο
1883 1374 2092 1438 abesse
2121 1377 2342 1461 prodi-

634 1471 733 1538 dit
764 1474 1042 1542 Cernen.
1089 1479 1318 1565 Nepos
1352 1477 1697 1542 Cornelius
1730 1497 1810 1539 ex
1841 1473 2104 1538 adverso
2131 1478 2340 1541 maxi-

632 1597 740 1639 me
773 1575 1190 1664 Carthaginis
1222 1601 1260 1641 a
1290 1579 1665 1642 continente
1695 1575 1900 1663 paffus
1929 1576 2157 1656 mille3
2211 1601 2340 1644 non

631 1677 1007 1761 ampliorem
1043 1678 1321 1743 circuitu
1351 1678 1606 1743 duobus
1637 1677 1952 1741 millibus,
1999 1679 2079 1741 L.
2110 1678 2201 1758 vi,
2226 1701 2338 1766 31.

716 1781 947 1866 Nepos
996 1781 1362 1858 Cornelius,
1408 1781 1521 1867 qui
1563 1779 1717 1844 Divi
1759 1779 2038 1865 Augusti
2088 1781 2335 1866 princi-

630 1893 786 1967 patu
832 1882 1018 1961 obiit,
1044 1883 1180 1961 Ine,
1206 1883 1443 1968 inquit,
1465 1879 2018 1970 juvene·violacea
2053 1895 2337 1972 purpura

626 1981 899 2068 vigebat,
934 1985 1097 2072 cujus
1127 1984 1288 2047 libra
1317 1983 1583 2046 denari-is
1613 1995 1841 2046 centum
1881 1981 2136 2045 venibat
2158 2009 2180 2063 3
2229 2009 2340 2050 nec

624 2081 809 2148 multo
848 2083 977 2172 pqst
1026 2085 1210 2148 rubra
1266 2083 1620 2148 Tarentina.
1716 2082 1884 2146 Huic
1903 2083 2184 2170 succeffit
2231 2088 2330 2151 di-

625 2187 829 2276 bapha
876 2189 1091 2273 Tyria,
1144 2214 1284 2276 quae
1329 2187 1394 2251 in
1435 2187 1628 2251 libras
1674 2185 1939 2249 denariis
1991 2187 2160 2251 mille
2211 2216 2331 2255 non

610 2304 854 2377 poterat
896 2293 1029 2357 emi.
1123 2291 1265 2354 Hac
1300 2293 1378 2355 Ρ.
1406 2290 1703 2355 Lentulus
1751 2289 2055 2375 Spinther,
2082 2292 2336 2357 AEdilis

626 2394 893 2474 Garulis‚
947 2392 1175 2481 primus
1231 2394 1296 2455 in
1350 2405 1652 2479 praetexta
1707 2392 1846 2478 usus
1904 2390 2280 2477 improbatur
2301 2422 2326 2459 .·

619 2520 742 2581 qua
766 2510 1040 2583 purpura
1071 2496 1201 2582 quis
1228 2520 1344 2559 non
1354 2496 1518 2582 jam,
1544 2493 1780 2579 inqui-t,
1815 2492 2185 2556 tricliniaria
2191 2495 2326 2581 fa.-

616 2598 755 2662 cit?
800 2601 879 2663 L.
916 2599 1002 2661 ix.
1031 2621 1089 2661 e.
1132 2614 1235 2681 17,
1271 2610 1340 2661 et
1366 2618 1475 2683 39.

705 2699 1051 2787 Onyehem
1104 2700 1298 2763 etiam
1351 2712 1497 2762 tum
1531 2696 1598 2759 in
1647 2695 1907 2759 Arabiae
1952 2697 2320 2781 montibus,

616 2822 736 2865 nec
766 2801 1035 2888 usquam
1071 2790 1299 2878 aliubi,
1337 2798 1506 2861 nasei
1557 2802 1860 2883 putavere
1907 2798 2097 2862 nostri
2133 2813 2318 2865 vete·-

612 2926 753 2969 res:
818 2904 948 2982 sed,
992 2915 1056 2967 et
1104 2903 1170 2965 in
1218 2900 1568 2966 Germania
1607 2900 1873 2986 potoriis
1915 2913 1984 2963 et
2030 2902 2314 2987 primum

609 3007 765 3071 vafis
807 3005 959 3069 inde
1000 3005 1207 3082 saetis,
1245 3003 1395 3067 dein
1427 3003 1704 3090 pedibus
1745 3004 2062 3067 hetorum
2109 3005 2310 3070 sellis-

611 3128 764 3192 que,
801 3106 1141 3170 Cornelius
1188 3106 1414 3191 Nepos
1461 3104 1654 3167 tradit
1682 3126 1922 3189 magno
1968 3104 2146 3169 fiiifl'e
2178 3107 2308 3171 mi-

610 3206 854 3288 raculo,
895 3230 1045 3272 cum
1080 3210 1146 3272 P.
1172 3208 1492 3271 Lentulus
1521 3204 1824 3291 Spinther
1853 3207 2194 3293 amphoras
2224 3232 2304 3273 ex

610 3332 714 3387 e0,
749 3323 815 3373 et
856 3331 1085 3373 urceos
1132 3308 1586 3395 magnitudine
1629 3306 1960 3384 cadorum,
1996 3309 2301 3373 ostendis-

607 3412 737 3475 set:
787 3412 921 3497 post
962 3406 1484 3497 'quinquennium
1520 3407 1777 3486 deinde,
1812 3408 2084 3496 triginta
2131 3410 2298 3475 duo-

606 3536 751 3577 rum
796 3512 1039 3601 pedum
1086 3509 1498 3598 longitudine
1547 3509 1886 3573 columnas
1937 3510 2158 3575 vidifl'e
2207 3512 2295 3577 se.⁴

605 3616 689 3679 L.
721 3616 935 3684 xxxvi.
969 3636 1106 3701 cap.
1142 3634 1205 3698 7„
1244 3614 1308 3695 ξ.
1337 3632 1436 3680 12.

2114 3712 2291 3777 Cn.
