2587 4402
680 483 807 551 174
1144 489 1527 534 coam-:Lu
1563 491 1898 537 napo-ns

673 622 778 686 M.
809 621 1014 686 Varro
1040 621 1153 700 ait,
1185 644 1466 709 praeceps
1509 622 1702 687 datus
1744 624 1830 687 est
1848 647 1870 703 3
1917 631 1993 685 ut
2025 618 2355 685 Cornelius

672 731 893 786 autem
924 724 1153 808 Nepos
1180 722 1486 809 scriptum
1518 723 1801 812 reliquit,
1820 722 2210 789 verberando
2241 743 2352 785 ne-

672 825 1125 990 catglsggiider
1168 927 1458 1013 Magnus
1507 925 1696 992 Pellae
1747 925 1972 1006 oritur,
2021 935 2099 990 ut
2140 924 2356 1010 Nepos

669 1026 898 1109 edidit,
929 1029 1033 1091 M.
1068 1027 1268 1094 Fabio
1305 1028 1650 1107 Ambusto,
1695 1026 1854 1092 Tito
1884 1025 2196 1092 Quinaio
2227 1025 2352 1090 Ca-

667 1129 943 1214 pitolino
1004 1131 1173 1194 Coff.
1240 1132 1376 1218 post
1441 1133 1718 1197 Romam
1793 1130 2126 1195 conditam
2191 1150 2352 1194 anno

666 1231 1113 1295 trecentesimo
1169 1231 1434 1320 ofi'togm
1517 1253 1560 1295 o
1609 1231 1864 1318 quinto·
1933 1209 2127 1296 Silia.
2171 1255 2218 1296 c.
2246 1249 2351 1311 40.

666 1331 955 1418 Pobhist.
1394 1348 1404 1358 ”

753 1438 824 1500 Ρ.
858 1435 1202 1502 Terentius
1244 1434 1526 1500 maxime
1561 1435 1962 1502 familiariter
1997 1435 2162 1501 vixit
2205 1455 2352 1500 cum

664 1537 963 1625 Scipione
1012 1539 1346 1620 Africam,
1396 1551 1463 1605 et
1499 1539 1580 1604 C.
1614 1537 1842 1620 Laelio,
1891 1541 2015 1604 διο.
2059 1535 2356 1624 quamvis.

665 1641 1009 1708 Cornelius
1034 1643 1265 1730 Nepos
1292 1663 1522 1706 omnes
1548 1641 1828 1728 aequales
1856 1639 2037 1706 fuiffe
2065 1640 2296 1706 tradat.
2334 1667 2340 1672 ·

1072 1825 1513 1942 CORNlsszLu
1560 1876 1947 1942 NEPOTIS

1144 2027 1573 2115 Exemplorum
1606 2025 1749 2090 Lib.
1783 2023 1876 2089 Π.
1929 2111 1938 2120 ·

1276 2224 1281 2229 -
1361 2184 1540 2250 CAP.
1572 2184 1664 2251 ΙΙ.

740 2335 807 2401 Α
836 2334 1087 2424 virgine
1102 2332 1386 2403 Vestale.

1351 2502 1523 2583 Lm.
1554 2502 1641 2567 V.

742 2641 1089 2705 Cornelius
1132 2640 1360 2725 Nepos
1410 2636 1860 2725 exemplorum
1905 2638 2140 2726 quinto
2189 2638 2334 2705 lite·

650 2742 740 2805 ris
770 2741 1101 2831 mandaxfit
1141 2739 1369 2805 multis
1415 2739 1479 2803 in
1515 2740 1757 2803 Senatu
1795 2738 2116 2825 placuiffe,
2149 2753 2224 2807 ut
2265 2741 2334 2821 ii,

539 2830 547 2835 ⁵
652 2845 765 2931 qui
788 2844 997 2910 redire
1014 2843 1293 2922 nollent,
1303 2842 1470 2907 datis
1489 2841 1880 2921 custodibuS,
1897 2843 1982 2907 ad
2002 2844 2331 2909 Hanniba-

647 2944 777 3008 lem
804 2943 1314 3021 deducerentur3
1349 2942 1454 3007 sed
1483 2964 1628 3008 eam
1657 2944 2043 3010 sententiam.
2071 2966 2334 3013 numero

646 3045 955 3131 plurium,
988 3044 1231 3132 quibus
1279 3044 1348 3108 id
1384 3066 1514 3109 non
1559 3044 1908 3125 videretur,
1937 3045 2328 3133 superatam:

648 3170 761 3211 eos
790 3159 1031 3227 tamen,
1080 3147 1195 3235 qui
1238 3148 1322 3212 ad
1352 3146 1792 3231 Hannibalem
1835 3170 1970 3223 non
2011 3150 2328 3231 rediffent‚

648 3248 845 3335 usque
876 3248 1037 3313 adeo
1068 3248 1454 3313 intestabiles
1487 3248 1848 3335 invisosque
1875 3250 2081 3332 fuifl'e,
2113 3265 2190 3317 ut
2215 3266 2324 3317 tae-

646 3350 827 3413 dium
858 3348 1009 3415 vitae
1038 3350 1349 3436 ceperint,
1379 3371 1734 3437 necemque
1754 3350 1868 3415 fibi
1889 3352 2325 3420 consciverint.

642 3452 737 3517 A.
780 3450 942 3517 Gen.
976 3466 1043 3534 7,
1080 3452 1183 3518 18.

2109 3770 2315 3869 coa.
