2587 4402
1384 1014 1508 1078 lx.

1164 1211 1694 1286 CONON.

593 1498 650 1560 1.
682 1465 1038 1560 CONON
1108 1493 1517 1558 Athenienfis
1589 1491 2040 1580 Peloponnefio
2083 1493 2282 1561 bello

588 1596 840 1662 acceffit
882 1596 964 1660 ad
1006 1594 1496 1681 rempublicam,
1539 1593 1610 1658 in
1649 1615 1856 1680 eoque
1895 1594 2035 1681 ejus
2081 1615 2286 1682 opem

588 1695 812 1783 magui
840 1695 989 1761 fuit.
1075 1696 1249 1760 Nam
1295 1705 1363 1759 et
1403 1707 1636 1780 praetor
1666 1695 2056 1780 pedestribus
2084 1717 2277 1760 exer-

586 1797 826 1861 citibus
853 1795 1132 1883 praefuit,
1164 1807 1231 1860 et
1268 1794 1611 1883 praefestus
1641 1793 1847 1858 claffis
1875 1816 1974 1858 res
2003 1817 2278 1882 magnas

584 1898 743 1962 mari
774 1897 978 1984 gestit.
1068 1897 1253 1962 Quas
1286 1897 1373 1960 ob
1413 1894 1629 1960 causas
1665 1893 2024 1980 praecipuus
2051 1895 2114 1958 ei
2139 1895 2270 1960 ho·
2309 1908 2343 1960 5

586 2019 702 2062 nos
732 1997 990 2062 habitus
1018 1997 1139 2060 est:
1187 1996 1490 2081 Namque
1516 1995 1821 2059 o'mnibus
1849 2017 2018 2059 unus
2042 1995 2276 2062 insulis

583 2096 863 2184 praefuit.
954 2100 1032 2161 In
1076 2119 1206 2185 qua
1248 2097 1553 2184 potestate
1597 2094 1827 2160 Pharas
1863 2097 2040 2184 cepit
2081 2099 2270 2163 colo-

581 2199 757 2265 niam
798 2199 1464 2265 Lacedaemoniorum.
1553 2197 1702 2263 Fuit
1739 2197 1936 2263 etiam
1977 2212 2272 2267 ext-remo

584 2300 1037 2388 Peloponnesio
1092 2299 1267 2364 bello
1319 2311 1572 2387 praetor,
1621 2320 1776 2363 cum
1835 2300 2008 2385 apud
2053 2302 2272 2389 AEgos

579 2400 821 2464 flumen
872 2400 1078 2487 copiae
1123 2400 1612 2469 Athenien-{ium
1660 2421 1701 2463 a
1751 2399 2080 2486 Lysan‘dso
2118 2399 2270 2467 sunt
2308 2425 2373 2459 ιο

580 2502 874 2569 ἀενὶᾶεε.
965 2503 1093 2569 Sed
1122 2516 1263 2587 tum
1303 2502 1534 2582 abfuit,
1558 2523 1772 2588 eoque
1801 2502 1985 2591 pejus
2014 2526 2116 2569 res
2145 2506 2267 2571 ad-

577 2603 923 2668 ministrata
952 2605 1063 2669 est.
1121 2605 1295 2668 Nam
1321 2616 1390 2667 et
1411 2603 1690 2691 prudens
1721 2603 1813 2666 rei
1843 2592 2167 2686 militaris,'
2197 2620 2271 2673 et

580 2703 859 2792 diligens
904 2718 1037 2769 erat
1070 2705 1346 2791 imperii.
1437 2705 1663 2789 Itaque
1695 2704 1939 2795 nemini
1979 2720 2120 2770 erat
2161 2708 2268 2773 his
2305 2720 2312 2727 “

576 2803 976 2891 temporibus
1017 2803 1317 2883 dubium,
1347 2804 1387 2868 fi
1419 2804 1736 2883 adfuifl'et,
1768 2806 1945 2870 illam
1975 2795 2265 2872 Atheni-

576 2907 753 2971 enses
782 2904 1215 2971 calamitatem
1242 2916 1615 2990 accepturos
1643 2927 1772 2969 non
1793 2905 2003 2973 fuissb.
2305 2932 2366 2986 ις

662 3006 754 3069 ΙΙ.
802 3007 1021 3072 Rebus
1050 3016 1267 3071 autem
1297 3002 1574 3085 affliais,
1605 3026 1756 3069 cum
1784 3007 2062 3093 patriam
2091 3011 2264 3075 obfi-

572 3102 709 3167 deri
746 3103 1034 3183 audiiset,
1066 3126 1193 3167 non
1234 3102 1521 3190 quaefivit
1559 3103 1679 3169 ubi
1725 3104 1853 3191 ipse
1893 3118 2040 3170 tuto
2081 3108 2264 3174 vive-

571 3217 696 3285 ret,
725 3204 832 3268 sed
869 3203 1043 3267 unde
1085 3204 1370 3290 praefidio
1411 3202 1613 3289 pofl‘et
1652 3204 1775 3269 effe
1809 3204 2066 3273 civibus
2103 3209 2261 3278 suia.

571 3306 800 3393 Itaque
858 3303 1135 3367 contulit
1189 3303 1252 3369 fia
1309 3304 1392 3369 ad
1442 3304 1919 3371 Pharnabazum
1968 3308 2260 3397 satrapen

500 3414 511 3425 ‘
570 3406 773 3472 Ioniae
802 3417 869 3471 et
894 3401 1147 3492 Lydiae,
1178 3404 1583 3493 eundemque
1607 3429 1925 3493 generum
1961 3408 2168 3497 Regis
2191 3427 2262 3477 et
2299 3444 2361 3480 ιο

567 3510 1041 3597 propinquum3
1074 3504 1246 3593 apud
1270 3526 1465 3592 quem
1497 3518 1575 3571 ut
1601 3506 1882 3571 multum
1909 3509 2120 3595 gratia
2139 3532 2257 3575 va-

564 3612 753 3691 leret,
781 3611 997 3677 multo
1034 3607 1255 3675 labore
1285 3607 1632 3697 multisque
1675 3608 1889 3675 effecit
1925 3610 2256 3698 periculis.

2045 3711 2250 3795 Nam,
