2587 4402
638 922 1631 1037 'PRAEFATIQ

313 1167 434 1263 IN
466 1198 736 1285 proclivi
809 1202 958 1267 effet
1015 1203 1335 1297 historiam
1395 1206 1693 1273 laudibus
1750 1205 2000 1287 efferre,

313 1299 500 1386 cujus
527 1300 915 1389 dignitatem
947 1318 1013 1369 et
1054 1304 1339 1373 fruetum
1381 1332 1575 1374 nemo
1620 1330 1749 1373 non
1792 1328 1997 1395 agno-

314 1399 453 1479 scit,
497 1401 610 1464 nifi
651 1402 762 1495 qui
807 1406 893 1469 ob
939 1428 1151 1473 mores
1192 1410 1575 1497 turpiffimos
1614 1409 2003 1499 posterorum

315 1500 696 1569 reformidat
743 1506 1116 1589 censuram3
1187 1510 1297 1574 nifi
1358 1510 1469 1598 qui
1517 1512 1787 1575 aliorum
1836 1530 2001 1596 prae-

317 1604 491 1669 clara
533 1603 820 1672 facinora
859 1609 1168 1675 oblivioni
1215 1613 1378 1700 eripi
1425 1612 1820 1701 indignatur,
1852 1610 2005 1697 quia

321 1704 454 1792 ipse
494 1706 663 1771 nihil
703 1707 982 1796 dignum
1027 1715 1343 1779 memoria
1378 1715 1736 1813 susceperit.
1828 1714 2007 1777 Inter

321 1830 434 1873 eos
465 1830 639 1890 vero,
671 1811 784 1897 qui
811 1834 910 1879 res
939 1816 1144 1901 gestas
1173 1818 1523 1903 posteritati
1570 1816 1857 1893 tradunt,
1889 1836 2007 1879 ne·

323 1934 438 1975 mo
474 1914 684 2001 magis
724 1914 1180 1981 defunetorum
1220 1918 1415 1983 famae
1436 1918 1764 1983 consulere
1812 1917 1994 1983 vide-

322 2026 458 2095 tur,
483 2038 678 2080 nemo
705 2017 1060 2083 viventium
1090 2022 1381 2086 moribus
1414 2021 1832 2085 informandis
1864 2040 2007 2082 me-

323 2116 454 2181 liu's
505 2117 826 2199 inservire,
875 2142 1074 2209 quam
1115 2122 1229 2210 qui
1277 2121 1481 2185 virfim
1520 2120 1626 2185 vel
1669 2120 1861 2185 armis
1906 2119 2010 2183 vel

327 2220 578 2284 artibus
628 2221 970 2308 infigniurn
1001 2223 1170 2289 vitas
1201 2223 1503 2288 describit
1524 2249 1546 2303 3
1594 2223 1709 2310 qui
1738 2223 2009 2286 heroum

327 2323 604 2389 virtutes
645 2323 740 2389 ita
765 2326 954 2390 nobis
983 2328 1070 2392 ob
1099 2327 1328 2393 oculos
1355 2325 1561 2414 ponit,
1593 2339 1669 2390 ut
1698 2323 2013 2404 distinete,

328 2437 402 2491 et
430 2425 598 2490 clare
624 2425 987 2494 elucescant
1012 2451 1034 2508 3
1079 2449 1439 2516 eorumque
1484 2427 1652 2492 faeta
1682 2425 2016 2512 separatim

331 2527 693 2608 referend0‚
721 2599 724 2604 ,
748 2529 959 2615 qualis
1015 2531 1417 2618 quantusque
1466 2527 1749 2616 singulus
1798 2525 2025 2608 fuerit,

333 2629 671 2696 enucleate
701 2631 992 2696 ostendit.
1022 2653 1030 2660 ·

425 2733 504 2794 In
550 2731 881 2816 produetis
933 2731 1377 2798 historicorum
1434 2731 1703 2820 scriptiS,
1758 2732 1871 2798 ubi
1920 2743 2023 2796 tot

337 2855 552 2920 regeS,
583 2845 685 2898 tot
728 2833 926 2899 duces
951 2825 1345 2915 ‘ocem-runt,
1376 2843 1507 2899 nt'm
1554 2835 1789 2899 mirum
1839 2834 1927 2897 est
1981 2831 2024 2898 fi

337 2937 502 3002 alter
529 2935 792 3000 alterius
819 2935 1214 3022 splendorem
1245 2938 1499 3018 obruat,
1531 2935 1572 3002 fi
1618 2936 1727 3000 hic
1756 2933 1861 3000 vel
1891 2933 2025 3016 ille,

339 3038 496 3103 licet
521 3039 618 3102 vir
647 3037 974 3126 egregius,
1006 3037 1280 3103 heroum
1311 3038 1519 3103 turbae
1548 3035 1904 3124 permistus,
1926 3033 2027 3102 fa*

340 3141 468 3207 cile
495 3139 851 3204 delitescat.
941 3139 1126 3204 Idem
1157 3138 1266 3205 hic
1304 3138 1437 3204 fere
1466 3137 1723 3218 accidit,
1754 3135 1947 3225 quod=
1960 3135 2027 3200 in

343 3253 652 3306 terrarum
701 3239 876 3306 orbis
914 3241 1156 3320 tabula,
1185 3239 1306 3306 'ubi
1348 3237 1695 3304 notiffimas
1748 3236 2031 3326 quasque

345 3344 540 3406 urbes
567 3340 834 3407 confuse
862 3341 1184 3406 cemimus
1209 3339 1515 3427 depietae,
1544 3339 1785 3428 quibus
1812 3351 2030 3404 tamen
2134 3376 2139 3382 ·

347 3443 594 3508 viribus
625 3441 902 3530 *fingulae
951 3441 1221 3529 pollent,
1273 3441 1514 3528 quibu's
1562 3442 1852 3507 moribus
1902 3441 2033 3505 im-

349 3546 551 3623 hume,
595 3545 837 3632 quibus
879 3543 1126 3609 artibus
1166 3543 1485 3610 instrufitae
1532 3545 1785 3623 florent,
1814 3542 2039 3613 frustra

353 3646 422 3712 in
453 3644 786 3714 umbratili
815 3645 1040 3712 charta
1059 3665 1377 3731 ,conamur
1404 3643 1906 3734 deprehendere.
1960 3645 2037 3711 In

1126 3766 1168 3812 A
1201 3767 1241 3832 3
1878 3745 2043 3819 belli
