2587 4402
952 955 1077 1033 M.
1110 961 1619 1035 PORCIUS
1655 960 1997 1083 (JATO.

1147 1194 1814 1261 FRAGMENTUM

640 1340 823 1426 Quod
845 1368 917 1408 ex
936 1342 1110 1411 Lm.
1138 1347 1490 1437 Com.Nep.
1517 1368 2010 1414 rosa-Emona
2027 1350 2320 1439 [ηραν-ψ.

633 1613 689 1681 Ῑ.
726 1584 1003 1680 CATO
1034 1626 1213 1683 ortus
1242 1615 1598 1711 municipio
1619 1616 1930 1698 Tuscu10‚
1951 1616 2326 1685 adoiefixm·

630 1715 838 1793 tulus,
870 1715 1237 1803 priusquam
1268 1717 1628 1783 honoribus
1653 1738 1916 1805 operam
1945 1718 2148 1801 daret,
2175 1741 2326 1785 ver-

632 1817 803 1883 satus
832 1818 918 1881 est
945 1818 1014 1881 in
1056 1818 1361 1899 Sabini33
1403 1817 1579 1905 quod
1614 1818 1706 1884 ibi
1748 1817 2112 1885 haeredium
2143 1841 2184 1883 a
2206 1842 2326 1907 pa-

629 1930 733 1983 tre
762 1918 1059 1985 relictum
1085 1919 1398 1984 habebat.
1443 1920 1728 1985 Hortatu
1753 1921 1834 1984 L.
1869 1919 2106 1985 Valerii
2133 1920 2322 1985 Flac·

632 2018 722 2100 ci,
751 2041 949 2109 quem
980 2018 1051 2084 in
1099 2018 1432 2084 consulatu
1473 2020 1862 2105 censuraque
1901 2019 2134 2085 habuit
2176 2021 2322 2087 col·
2359 2033 2388 2085 ι

632 2120 881 2210 legam,
908 2133 986 2187 ut
1026 2120 1129 2185 M.
1159 2121 1486 2208 Perpenna
1515 2119 1900 2186 Censorinus
1931 2142 2179 2187 narrare
2218 2121 2324 2187 so·-
2389 2172 2396 2181 .

632 2221 791 2289 litua
830 2223 941 2303 est,
987 2223 1259 2288 Romam
1309 2220 1720 2308 demigravit,
1768 2221 1838 2286 in
1890 2220 2160 2310 foroque
2201 2221 2324 2289 effe

632 2326 857 2412 coepit.
944 2325 1231 2390 Primum
1292 2324 1673 2412 stipendium
1719 2324 1964 2390 meruit
2007 2347 2324 2392 annorum

588 2489 596 2502 ,
638 2425 867 2492 decem
921 2427 1292 2514 septemque
1320 2450 1342 2489 t
1411 2427 1503 2492 Q.
1564 2425 1765 2491 Fabio
1829 2425 2152 2508 Maxim0‚
2215 2429 2322 2494 M.

638 2525 917 2592 Claudio
973 2525 1288 2592 Marcello
1339 2523 1508 2590 Coss.
1561 2523 1856 2590 tribunus
1904 2525 2196 2592 militum
2257 2526 2324 2592 in
2365 2547 2416 2582 ιο

637 2627 862 2694 Sicilia
887 2627 1037 2692 fuit.
1126 2626 1289 2708 Inde
1337 2638 1414 2690 ut
1456 2625 1673 2707 rediit,
1705 2628 1899 2692 castra
1939 2627 2196 2694 secutus
2239 2631 2326 2695 est

638 2729 719 2795 C.
753 2729 1012 2796 Claudii
1044 2726 1352 2808 NeroniS,
1383 2727 1736 2815 magnique
1766 2727 1903 2815 ejus
1937 2750 2133 2816 opera
2159 2731 2322 2796 aesti·

634 2841 811 2896 mata
858 2832 945 2896 est
987 2830 1054 2894 in
1100 2828 1326 2916 praelio
1377 2827 1550 2914 apud
1601 2830 1861 2908 Senam,
1899 2851 2033 2917 quo
2087 2829 2325 2897 cecidit

635 2931 999 2998 Hasdrubal
1030 2931 1223 2996 frater
1246 2929 1658 2994 Hannibalis·
1749 2929 2046 2995 Quaestor
2082 2932 2326 3020 obtigit

636 3035 711 3099 P.
768 3033 1079 3100 Cornelio
1129 3029 1418 3118 Scipioni
1465 3029 1776 3095 Africano
1821 3030 2106 3096 consuli:
2173 3053 2322 3098 cum
2362 3042 2411 3096 ¹5

636 3159 769 3224 quo
797 3157 927 3199 non
966 3157 1080 3221 pro
1108 3133 1291 3199 sortis
1335 3130 1786 3198 neceffitudine
1827 3131 2014 3198 vixit.
2103 3135 2320 3200 Nam-

636 3259 765 3325 que
810 3239 891 3300 ab
939 3258 1021 3301 eo
1062 3246 1369 3322 perpetua
1412 3232 1684 3298 diffenfit
1727 3232 1876 3297 vita.
1964 3233 2202 3302 AEdilis
2229 3236 2321 3322 pl.

634 3337 843 3402 factus
870 3338 957 3401 est
1000 3358 1151 3400 cum
1192 3336 1272 3400 C.
1307 3334 1570 3400 Helvio.
1659 3335 1900 3398 Praetor
1927 3334 2326 3420 provinciam

637 3438 925 3504 obtinuit
970 3435 1353 3514 Sardiniam,
1385 3457 1467 3498 ex
1513 3457 1644 3521 qua
1686 3421 1979 3521 quaestor,
2009 3433 2325 3520 superiore

638 3551 928 3625 tempore
957 3561 1042 3602 ex
1070 3537 1289 3602 Africa
1330 3534 1672 3612 decedens,
1704 3535 1795 3600 Q.
1829 3533 2115 3598 Ennium
2163 3558 2319 3622 poe-
2358 3555 2414 3590 ιο

640 3653 773 3706 tam
802 3639 1180 3706 deduxerat:
1214 3635 1390 3725 quod
1422 3657 1550 3699 non
1576 3635 1844 3702 minoris
1866 3627 2322 3716 exiffimamus,

2125 3758 2318 3825 quam
