2587 4402
597 379 715 444 272⁰·
1002 389 1203 430 mossx
1232 383 1455 430 RERUM
1485 391 1564 430 m·
1593 391 1970 433 VERBORUM.

658 510 827 572 magni
849 511 941 558 fuit
958 512 1065 572 ejus
1084 527 1247 574 opera,
1274 525 1356 572 77,
1383 527 1429 574 3.
1453 515 1545 562 dre.
1565 515 1772 578 Thyurn
1793 514 1966 572 vincit,
1989 514 2242 576 capitque,
2267 513 2371 561 ibid.

659 590 739 635 24.
779 591 930 636 quem
970 577 1159 624 insolito
1206 589 1380 625 ornatu
1421 594 1588 626 coram
1637 595 1744 640 rege
1791 580 2007 638 adducit,
2058 581 2140 638 78,
2196 595 2239 626 1.
2283 581 2367 627 &c.

656 638 830 700 Aspim
866 641 1225 701 imprudentem
1258 644 1512 704 opprimit,
1534 655 1615 703 79,
1643 653 1688 704 5.
1715 647 1804 692 &c.
1829 644 1948 690 hinc
1981 658 2222 706 magnam
2257 646 2373 704 regis

654 701 1049 753 benevolentiam
1070 707 1358 754 consecutus
1379 710 1466 764 est,
1489 723 1580 754 nec
1609 709 1854 755 minorem
1885 709 2086 756 aulicor.
2120 709 2374 767 invidiam,

658 767 764 814 ibid.
805 783 883 828 30.
917 785 1127 831 quorum
1168 771 1359 818 insidias
1392 773 1589 820 Datami
1625 773 1860 819 Pandates
1893 774 2064 834 aperit,
2089 776 2176 832 80,
2199 787 2248 832 3.
2288 775 2374 820 ἃς.

653 833 805 893 igitur
824 834 989 880 deficit
1010 850 1039 881 a
1060 849 1188 894 rege,
1212 835 1322 883 ibid.
1351 848 1426 897 15.
1451 837 1668 884 adversus
1689 837 1860 882 Pisidas
1893 838 2232 898 proficiscitur,
2270 837 2374 884 ibid.

660 899 743 946 28.
776 898 1097 945 defectionem
1130 900 1275 946 soceri
1309 903 1494 962 egregie
1525 901 1806 958 diffimulat,
1831 903 1913 959 81,
1943 917 2018 948 11.
2063 903 2156 948 dte.
2191 903 2380 950 hostem

652 962 831 1020 vincit,
856 963 965 1010 ibid.
998 977 1076 1022 29.
1112 965 1200 1010 ὅτε.
1227 979 1255 1011 a
1288 965 1392 1012 filio
1428 965 1522 1026 regi
1559 965 1796 1026 proditur,
1824 967 1906 1023 82,
1931 968 1979 1012 6.
2015 965 2158 1024 cujus
2199 967 2380 1012 exerei-

654 1034 769 1072 tum
802 1027 1023 1074 adversus
1056 1029 1101 1074 se
1136 1028 1333 1074 missurn
1368 1031 1602 1087 concidit,
1639 1033 1721 1088 83,
1748 1041 1794 1088 7.
1826 1033 1885 1076 ad
1915 1045 2088 1090 pacem
2127 1031 2379 1086 invitatur,

654 1089 767 1136 ibid.
798 1093 873 1138 18.
900 1106 1019 1138 mox
1042 1092 1221 1139 insidiis
1245 1095 1440 1153 petitur,
1466 1109 1588 1155 quas
1619 1095 1758 1151 vitat,
1794 1093 1904 1140 ibid.
1938 1097 2019 1143 28.
2041 1096 2134 1140 ἃς.
2171 1095 2379 1156 denique

615 1187 623 1197 .
656 1153 965 1203 Mithridates
984 1156 1137 1217 specie
1157 1158 1392 1204 amicitiae
1421 1160 1582 1205 virum
1607 1157 1765 1215 illicit,
1784 1159 1865 1217 84,
1895 1173 1968 1218 19.
1993 1161 2084 1205 διο.
2107 1172 2187 1219 25.
2225 1161 2315 1206 «Sec.
2333 1169 2382 1206 et

658 1219 711 1265 in
734 1219 999 1281 colloquio,
1020 1235 1103 1281 per
1122 1221 1342 1268 fraudem
1366 1222 1611 1280 interficit,
1638 1223 1720 1279 86,
1741 1239 1788 1271 2.
1814 1224 1904 1268 ὅτε.
1940 1223 2014 1270 De
2038 1223 2258 1269 Datamis
2291 1223 2378 1270 reb.

656 1283 863 1347 quaedam
885 1285 994 1330 vide
1015 1285 1138 1345 apud
1155 1286 1290 1332 Diod.
1313 1285 1409 1332 Sic.
1424 1286 1503 1333 lib.
1525 1299 1599 1348 15.
1621 1286 1818 1349 Polyaen.
1845 1299 1890 1342 7.
1905 1287 2112 1334 Frontin.
2134 1302 2180 1335 2.
2203 1299 2252 1346 7.
2313 1326 2320 1330 .

589 1345 763 1404 Datin,
784 1348 835 1406 6,
856 1349 931 1395 16.
950 1350 1108 1406 Datis,
1130 1361 1179 1408 7,
1202 1361 1279 1406 27.
1306 1351 1448 1396 Darii
1468 1353 1684 1412 Satrapa,
1696 1353 1793 1412 post
1805 1351 2146 1398 Marathoniam
2154 1361 2376 1415 pugnam,

660 1412 707 1456 in
726 1429 818 1476 qua
838 1413 987 1460 vifflas
1009 1423 1125 1471 erat,
1151 1432 1179 1458 a
1200 1414 1439 1474 Spartanis
1459 1417 1506 1461 in
1519 1425 1703 1476 puteum
1727 1415 1952 1477 conjectus.

594 1476 729 1534 dato,
750 1491 837 1538 49,
862 1488 937 1538 15.
956 1488 1002 1525 et
1022 1477 1151 1524 alibi.
1182 1479 1374 1535 datum,
1400 1493 1449 1538 9,
1485 1493 1559 1540 rc.
1593 1489 1635 1526 et
1657 1479 1966 1542 alibifiepius.
2003 1479 2221 1536 daturos,
2245 1479 2294 1538 6,
2329 1495 2373 1528 2.

658 1541 826 1598 datus,
847 1553 929 1600 70,
955 1558 995 1589 1.
1016 1543 1155 1589 datus
1178 1543 1300 1600 dies,
1318 1543 1383 1589 sc.
1400 1544 1697 1606 prestitutus,
1722 1545 1805 1604 98,
1829 1558 1882 1605 4,
1903 1544 1982 1604 de,
2009 1553 2164 1606 μη.
2191 1559 2240 1604 3.
2263 1559 2312 1606 4.
2335 1553 2376 1590 et

660 1605 774 1652 alibi
780 1605 1035 1668 saepg‘fflme.
1058 1608 1137 1666 de,
1158 1624 1232 1668 ex,
1257 1621 1341 1667 23,
1368 1621 1414 1668 3.

591 1667 735 1727 Deae,
756 1682 838 1730 73,
864 1685 911 1730 9·
1589 1689 1592 1692 ⁴
1761 1693 1788 1700 ··

593 1734 818 1792 debeam,
838 1737 901 1783 sc.
936 1745 1119 1797 oportet,
1148 1747 1260 1798 159,
1287 1751 1365 1796 24.
1389 1736 1580 1794 debeat,
1611 1750 1722 1795 139,
1745 1751 1823 1796 23.
1855 1736 2052 1794 debent,
2077 1750 2163 1796 91,
2193 1751 2272 1784 11.
2296 1735 2375 1783 de-

658 1797 788 1856 bere,
816 1802 897 1860 58,
918 1814 997 1859 29.
1023 1811 1067 1846 et
1082 1799 1211 1848 alibi.
1234 1802 1425 1858 debere,
1449 1801 1504 1846 de
1535 1817 1626 1846 aere
1645 1801 1788 1846 alieno
1809 1802 2014 1866 conflato,
2044 1813 2156 1864 154,
2179 1817 2262 1852 22.
2295 1802 2379 1848 de-

657 1863 810 1921 beret,
831 1865 915 1922 89,
936 1878 1014 1914 21.
1034 1875 1076 1910 et
1099 1865 1227 1912 alibi.
1250 1865 1414 1923 debet,
1433 1877 1545 1926 153,
1567 1867 1613 1912 8.
1637 1875 1680 1911 et
1701 1864 1830 1912 alibi.

594 1926 955 1976 debilitarentur
984 1930 1137 1975 animi
1170 1929 1410 1986 militum,
1441 1931 1508 1976 sc.
1544 1940 1662 1976 metu
1684 1929 1896 1990 pacali,
1923 1931 2004 1988 81,
2047 1945 2091 1977 1.
2116 1929 2380 1978 debilitata

656 2005 774 2053 opes
790 1994 1089 2040 adversarior.
1112 1994 1357 2056 fast-aeta·
1376 1995 1643 2053 imminutae,
1667 2007 1779 2055 105,
1805 1997 1881 2042 16.
1897 1994 2176 2044 debilitatus
2193 1995 2384 2042 civium

660 2057 861 2115 invidia,
896 2059 961 2106 sc.
985 2057 1314 2121 collabefaltus,
1341 2061 1452 2118 138,
1481 2073 1558 2105 ιο.

594 2119 816 2170 debitum
833 2133 1020 2170 naturae
1042 2123 1368 2182 reddiderunt,
1393 2137 1505 2182 132,
1531 2138 1577 2171 2.
1601 2122 1666 2170 sc.
1689 2123 1904 2170 obierunt.
1939 2123 2138 2170 Mortem
2169 2122 2385 2186 quodam·

658 2185 778 2235 modo
800 2188 1087 2235 creditorem
1116 2185 1199 2252 ff
1216 2188 1473 2254 vitamque,
1499 2197 1713 2253 tanquam
1739 2189 1982 2245 debitum,
2010 2187 2228 2252 reptfirere
2250 2188 2384 2249 testa-

660 2262 735 2299 tur
760 2252 860 2303 Cic.
885 2254 1007 2317 Ttfit.
1033 2253 1199 2313 Quaest.
1224 2254 1263 2301 Ι.
1290 2268 1366 2313 39.
1423 2254 1609 2301 Natura
1637 2253 1761 2299 dedit
1790 2253 1970 2317 usuram
2001 2254 2140 2310 vitae,
2167 2262 2386 2317 tanquam

649 2317 873 2379 pecunie,
897 2317 1023 2365 nulla
1036 2318 1293 2379 praestituta
1307 2312 1393 2365 die.
1443 2317 1569 2367 Quid
1586 2318 1646 2377 est
1665 2318 1808 2380 igitur
1828 2318 1947 2382 quod
1972 2334 2180 2381 querare,
2184 2318 2243 2379 fi
2261 2328 2385 2380 repe-

660 2382 719 2427 tit
734 2398 833 2427 cum
854 2382 961 2429 vult
978 2382 1006 2428 Ρ
1038 2400 1091 2429 ea
1112 2382 1227 2429 enim
1250 2382 1488 2429 conditione
1509 2392 1754 2443 acceperas.
1789 2383 2024 2439 debuerit,
2047 2383 2129 2441 38,
2156 2396 2204 2440 9.

595 2446 850 2503 decedens,
876 2457 985 2507 150,
1010 2460 1089 2495 20.
1108 2456 1153 2494 et
1174 2445 1304 2493 alibi.
1321 2448 1550 2493 decedere
1579 2456 1755 2503 morte,
1781 2461 1838 2493 ex
1861 2448 2087 2507 ingrator.
2109 2447 2383 2493 hominurn

658 2510 937 2571 conspeetu,
960 2510 1015 2557 de
1036 2521 1171 2557 morte
1192 2510 1690 2572 voluntaria,‘cumstbi
1707 2508 1894 2575 aliquis,
1909 2511 2028 2557 vitae
2037 2510 2278 2575 pertaefias,
2301 2510 2386 2557 ὐἰ-

658 2573 820 2621 olentas
838 2590 991 2621 manus
1012 2575 1171 2638 hysen,
1202 2586 1312 2633 127,
1343 2590 1417 2635 13.
1443 2576 1748 2634 decederent,
1773 2585 1886 2636 135,
1905 2589 1954 2635 4.

598 2638 873 2697 Deceliam,
892 2654 977 2699 40,
1007 2651 1083 2697 17.
1117 2639 1237 2701 Agri
1270 2651 1369 2686 erat
1403 2639 1551 2685 Attici
1573 2638 1706 2697 Iocus,
1732 2656 1814 2704 quo
1837 2640 2022 2695 munito,
2051 2637 2383 2685 Lacedaenmrii

654 2704 703 2751 A
706 2703 956 2765 thenienstb.
976 2704 1139 2751 reditus
1160 2720 1259 2751 cum
1280 2722 1304 2749 e
1327 2705 1516 2765 regione,
1537 2714 1630 2749 tum
1653 2721 1710 2749 ex
1725 2704 1902 2765 argenti
1917 2703 2098 2767 fodinis
2117 2702 2380 2765 interceptos

656 2768 953 2831 abripiebatur.
977 2769 1077 2815 vid.
1104 2768 1235 2830 Isocr.
1259 2769 1308 2815 t'n
1335 2769 1468 2817 Or'at.
1491 2768 1544 2815 de
1567 2768 1703 2814 Pace.

594 2834 785 2891 decem,
808 2834 859 2891 6,
884 2836 959 2881 18.
980 2844 1023 2879 et
1044 2832 1157 2879 alibi
1164 2832 1339 2897 saepg‘ffi
1363 2832 1740 2893 decemplicem,
1759 2835 1809 2892 8,
1833 2846 1882 2894 4.

594 2898 986 2958 decemviralem,
1008 2912 1091 2960 34,
1110 2900 1185 2947 18.
1206 2896 1538 2955 decemvirali,
1559 2896 1670 2945 ibid.
1695 2898 1742 2944 6.

592 2964 801 3023 decepti,
821 2966 905 3023 84,
926 2976 974 3021 9.
1114 2986 1123 2989 -
1702 2968 1708 2974 “

591 3027 779 3083 decere,
804 3038 916 3087 157,
939 3041 1017 3087 30.

592 3091 886 3149 decerneret,
914 3106 931 3138 1
944 3108 962 3139 1
975 3102 1021 3149 7,
1050 3105 1104 3151 3¹
1117 3124 1127 3136 .
1148 3092 1215 3137 sc.
1236 3088 1488 3138 dimicaret.

590 3155 824 3212 decernit,
855 3171 965 3217 140,
993 3157 1378 3216 25.decemitur,
1399 3154 1602 3216 eligitur,
1630 3162 1713 3213 73,
1740 3167 1821 3214 24.

590 3220 845 3267 decefferat
861 3222 921 3267 de
943 3222 1067 3279 foro,
1086 3237 1171 3267 non
1192 3220 1406 3282 inferum
1430 3217 1612 3281 publice
1632 3218 1865 3280 prodibat,
1896 3218 2008 3275 161,
2025 3230 2075 3277 4.
2097 3214 2380 3275 deceffiss'et,

656 3294 849 3333 mortuus
870 3296 987 3343 erat,
1014 3299 1097 3345 29,
1136 3295 1184 3347 5,
1204 3294 1246 3330 et
1277 3283 1408 3331 alibi.
1440 3282 1652 3340 deceffit,
1687 3282 1779 3329 eod.
1799 3280 1949 3345 sensu,
1985 3296 2068 3341 23,
2095 3296 2140 3329 1.
2174 3292 2222 3328 et
2250 3280 2388 3347 alibf‘.

655 3349 847 3396 deceffit
880 3350 1042 3407 febris»,
1078 3350 1143 3396 fc.
1175 3348 1302 3411 dfiit
1331 3346 1657 3413 ingravessere,
1695 3358 1807 3405 171,
1837 3356 1918 3407 25.
1950 3346 2219 3405 deeefl’um,
2262 3358 2381 3405 127,

660 3428 741 3472 29.

592 3478 900 3537 decertaturi,
925 3479 1035 3538 146,
1064 3494 1110 3538 3.

590 3542 769 3599 decidi,
780 3543 1065 3608 vidusfhm,
1086 3553 1131 3590 et
1142 3540 1594 3605 in-bqstispotestatem
1612 3539 1831 3601 redaaue,
1853 3556 1872 3589 1
1885 3554 1962 3602 19,
1977 3542 2056 3589 18.
2073 3538 2398 3598 decidiffent,‘

666 3623 757 3657 112
801 3622 877 3657 12.
2055 3646 2062 3651 .
2319 3644 2332 3650 -

760 3642 779 3669 ’
2197 3666 2388 3731 decipi,
