2587 4402
614 409 744 482 208
1086 427 1354 476 vane.
1393 427 1850 504 anemonae.

702 564 976 631 Graviter,
999 563 1095 642 58.
1110 581 1205 636 24.
1214 561 1237 636 ]
1268 563 1396 621 MS.
1411 565 1609 640 gravi3
1641 585 1815 642 quam
1837 563 2070 623 lestion.
2095 564 2306 623 Schott.

618 656 676 706 et
703 647 936 704 Piccart.
958 645 1019 702 in
1046 644 1202 701 libris
1232 663 1344 700 non
1375 646 1567 721 paucis
1594 647 1732 703 olim
1763 647 2129 703 invenerunt.
2164 647 2316 703 unde·

623 729 887 788 Schottus
907 726 1139 803 gravius
1168 724 1470 782 substituit.

704 809 906 884 AEger,
936 819 1033 883 59.
1066 803 1153 862 2.]
1199 807 1366 862 MSS.
1392 826 1529 881 ergo,

706 894 745 928 ¹*
763 889 996 964 Sumpta,
1006 885 1199 964 somno,
1232 898 1330 962 59.
1357 904 1410 942 2.
1417 887 1442 959 J
1456 887 1668 964 sumpto
1689 897 1748 944 ut
1755 885 1933 968 fhmno
1959 887 2130 945 MSS.
2161 887 2314 944 Dan.-

622 969 782 1029 Leid.
812 968 997 1025 Boecl.

711 1051 799 1106 De
820 1047 1059 1121 h'storicis
1091 1047 1309 1114 Graecis,
1339 1047 1574 1123 59.14.]
1621 1048 1712 1104 Ita
1744 1011 1910 1105 MSS.
1945 1048 2067 1105 Alii
2099 1067 2316 1123 expun-

628 1139 775 1208 gunt
805 1129 1019 1192 Graecis,
1050 1128 1197 1184 inter
1236 1146 1378 1202 quos
1418 1128 1682 1185 Lambin.
1717 1129 1866 1204 quod
1908 1130 2204 1185 verisimile
2245 1127 2319 1184 est

629 1212 915 1286 Nepotem
958 1209 1026 1264 de
1054 1207 1321 1283 utrisque,
1349 1205 1421 1264 sc.
1449 1209 1518 1265 de
1543 1208 1756 1266 Graecis
1785 1219 1841 1265 et
1870 1209 2316 1286 Latin13,scrip-

628 1289 757 1348 fisse.

714 1369 820 1426 *A
826 1367 1101 1446 superiore
1131 1368 1229 1425 60.
1258 1386 1282 1424 1
1291 1366 1379 1441 3]
1423 1367 1486 1425 de
1493 1369 1750 1447 superiore
1777 1369 1919 1426 Cod.
1945 1370 2098 1426 Dan.
2131 1369 2294 1426 Leid.

714 1449 1011 1507 Multorum
1057 1467 1304 1505 annorum
1351 1450 1606 1523 tyrannis,
1635 1451 1730 1504 60.
1767 1449 1894 1521 2.0]
1942 1451 2083 1515 Alii,
2113 1450 2319 1506 multer.

634 1549 814 1590 annor.
856 1543 1145 1604 tyrannus.-
1189 1529 1277 1585 sed
1321 1529 1485 1596 male,
1515 1531 1703 1606 inquit
1733 1531 1996 1586 Lambin.
2025 1530 2321 1588 nonenim

632 1626 903 1688 mannus,
928 1609 1017 1666 sed
1044 1609 1275 1684 tyrannis
1305 1620 1422 1666 erat
1451 1612 1680 1667 multer.
1707 1628 1903 1667 annor.

722 1692 793 1751 V
774 1691 919 1769 sum
950 1690 1048 1747 60.
1082 1708 1178 1766 29.
1189 1687 1211 1762 ]
1248 1690 1391 1756 Alii,
1419 1690 1628 1767 ausum:
1656 1699 1826 1766 atque
1854 1691 1933 1746 ita
1964 1692 2092 1748 MS.
2121 1690 2280 1749 Leid.

717 1775 754 1808 ⁸*
786 1773 946 1846 Quem
966 1769 1444 1848 pau10,61.17.]
1493 1772 1642 1843 Qae
1657 1769 1844 1846 paullo
1860 1772 1994 1828 MS.
2017 1771 2206 1830 Boecl.

721 1853 761 1894 ὅ·
784 1849 1287 1922 Infilio,61.18.]
1333 1847 1577 1921 infilium
1605 1850 1755 1908 Voff.
1785 1852 1850 1907 B.

722 1931 1003 1991 Saevitiam
1013 1929 1170 2007 suam
1191 1931 1432 1996 exercuit,
1451 1931 1547 1988 61.
1571 1949 1641 2006 19
1649 1931 1692 2005 .]
1717 1931 1861 1999 Ali-i,
1887 1932 2208 2009 vimsuam:
2235 1941 2322 1990 at-

636 2035 748 2092 que
786 2012 867 2068 ita
894 2012 1176 2069 Gebhard.
1258 2015 1344 2068 At
1391 2012 1659 2068 Lambin.
1705 2021 1814 2069 tres
1863 2015 1961 2069 has
2003 2033 2164 2071 voees
2203 2014 2320 2071 Ne-

638 2094 763 2174 poti
788 2093 1050 2159 detrahit,
1078 2091 1188 2161 sed,
1206 2092 1398 2170 inquit
1422 2093 1703 2151 Gebhard.
1735 2113 1850 2169 quo
1867 2091 1998 2170 jure
2025 2115 2209 2171 quave
2235 2095 2320 2152 in·

628 2184 1239 2335 wia'oisszndiffisssibne,
1262 2258 1362 2315 61.
1377 2276 1471 2331 23.
1480 2255 1644 2331 Jma
1668 2256 1892 2335 dffrfio
1915 2258 1985 2333 ψ
2009 2258 2143 2316 Ms
2171 2257 2321 2315 Leia.

726 2338 1048 2493 Nequeffiquo
1074 2357 1253 2395 manus
1266 2338 1574 2415 porrigeret,
1583 2336 1909 2415 suppetebat,
1934 2340 1990 2394 ni
2059 2339 2114 2395 in
2142 2339 2323 2395 amico-

640 2440 759 2558 1:151
774 2418 904 2496 ff
940 2420 1299 2556 eme
1313 2419 1482 2575 ξιξ
1486 2418 1745 2591 {ez}
1763 2419 2330 2577 ima-2022..

632 2581 941 2659 porrigeret,
966 2577 1290 2657 suppetebat,
1338 2580 1434 2657 nist
1475 2578 1752 2636 amicorum
1790 2578 2120 2657 poffiffiones:
2163 2590 2328 2656 atque

642 2664 797 2719 hanc
843 2659 1139 2716 helionem
1192 2660 1397 2717 retinet
1443 2660 1708 2717 Lambin.
1761 2660 1961 2736 illique
2015 2662 2327 2738 anteponit.

644 2742 897 2800 Priorem
925 2750 1117 2797 tamen
1146 2740 1360 2797 strenue
1385 2740 1634 2798 defendit
1663 2740 1943 2799 Gebhard.
1975 2742 2227 2819 citatque
2253 2741 2331 2798 lo-

642 2842 781 2881 cum
808 2821 999 2879 Curtii
1024 2820 1123 2877 lib.
1155 2822 1253 2877 vii.
1280 2840 1403 2896 cap.
1437 2834 1474 2898 5
1479 2834 1534 2898 5.
1577 2820 1680 2897 qui
1709 2842 1776 2877 ex
1807 2824 1909 2878 hoc
1951 2823 2178 2880 videtur
2206 2823 2333 2880 imi-

648 2904 860 2961 tatione
900 2901 1194 2977 expreffuS,
1220 2901 1293 2958 sc.
1327 2900 1465 2975 Jam
1493 2902 1648 2958 etiam
1677 2900 1754 2957 ad
1777 2917 1958 2979 pecora
2001 2904 2168 2978 tustra
2196 2922 2332 2961 ava·

644 3002 740 3040 ras
766 2993 816 3039 et
844 2980 1103 3057 iristabiles
1124 2999 1309 3039 manus
1325 2982 1570 3060 porrigis.
1633 2983 1738 3039 Sed
1765 2982 2054 3061 utriusque
2083 2984 2335 3042 lefitionis

644 3062 835 3123 sensus
862 3064 977 3119 fere
1001 3062 1151 3119 idem
1180 3062 1276 3119 est.

736 3141 1061 3208 Evaderent,
1080 3144 1179 3201 62.
1197 3142 1322 3217 24]
1346 3142 1438 3201 Ita·
1459 3143 1657 3203 vetust.
1681 3146 1820 3202 Cod.
1845 3153 1900 3203 et
1918 3145 2186 3203 Lambin.
2211 3144 2336 3223 qui-

648 3224 781 3281 dam
811 3242 941 3279 vero
964 3223 1225 3281 evaderet.

739 3307 777 3344 ’χ’
796 3306 1103 3379 Agerentur,
1133 3306 1231 3377 63.
1269 3304 1393 3379 14.]
1429 3315 1727 3381 gererentur
1753 3306 1880 3363 MS.
1913 3306 2094 3363 Boecl.

739 3383 882 3442 *Ab
908 3385 1118 3462 inceptO,
1148 3386 1248 3458 63.
1274 3386 1399 3458 18.]
1432 3385 1632 3443 absunt
1649 3406 1682 3442 a
1707 3388 1873 3443 MSS.
1893 3387 2052 3445 Leid.
2069 3396 2128 3445 et
2156 3386 2338 3445 Boecl.

740 3463 1314 3541 Zaeyntbios,64.1.]
1359 3468 1486 3524 MS.
1519 3466 1853 3543 Saguntinos.
2431 3480 2438 3487 '

741 3554 772 3586 ¹⁸
797 3544 990 3621 Elegit,
1017 3547 1117 3621 64.
1150 3545 1235 3619 2.]
1280 3546 1427 3623 eligit
1449 3548 1615 3605 MSS.
1645 3548 1830 3605 Boecl.
1860 3546 2008 3604 Voff.
2042 3548 2123 3605 A.
2151 3544 2222 3603 B.

738 3626 802 3687 Si
815 3626 1042 3705 propitia
1059 3627 1282 3707 fuiffint
1322 3628 1606 3699 voluntate,
1637 3631 1733 3704 64.
1770 3646 1837 3703 13
1849 3628 1894 3705 .]
1923 3628 2065 3699 Alii,
2083 3626 2330 3707 proprias

2185 3708 2337 3781 adeo
