2587 4402
624 390 712 473 46
1213 404 1713 453 Ancxnnnas.

624 546 816 611 rebus
863 552 1230 609 commotus
1281 544 1497 607 statuit
1538 538 1899 607 accuratius
1948 537 2064 603 fibi
2096 558 2312 627 ‘agen-

625 648 786 715 dum
829 670 984 712 cum
1029 647 1463 713 Pharnabazo,
1554 644 1731 709 Huic
1772 664 1929 729 ergo
1956 642 2315 722 renunciat,

625 773 771 837 quae
817 751 984 837 Regi
1026 771 1178 813 cum
1217 747 1725 812 Lacedaemoniis
1753 746 1971 824 essent,
2002 744 2183 809 irrita
2210 744 2329 815 su-,

624 865 794 930 tura,
827 850 934 915 nifi
967 848 1376 914 Alcibiadem
1406 849 1651 927 vivum,
1684 860 1796 911 aut
1824 858 2155 911 mortuum
2186 858 2317 911 tra-

627 952 904 1017 didi-[set.
1007 952 1162 1013 Non
1214 949 1369 1015 tulit
1423 949 1549 1013 hoc
1609 949 1905 1035 satrapeS,
1960 960 2031 1012 et
2080 947 2317 1012 violare
2350 957 2385 1011 ⁵

628 1051 1063 1129 clementiam,
1096 1073 1309 1139 quam·
1350 1050 1550 1137 Regis
1600 1072 1752 1136 opes
1805 1050 2011 1113 minui
2058 1049 2314 1115 maluit.

625 1153 855 1238 Itaque
896 1152 1062 1215 misit
1101 1151 1541 1238 Sysamithren
1591 1164 1657 1216 et
1696 1153 1985 1239 Bagoam
2016 1151 2097 1215 ad
2126 1152 2315 1216 Alci-

623 1252 884 1317 biadem
915 1251 1452 1331 interficiendum,
1486 1274 1637 1317 cum
1666 1251 1777 1316 ille
1808 1252 1960 1317 effet
1997 1252 2063 1316 in
2111 1253 2317 1339 Phry-

621 1355 756 1443 gia,
811 1356 1057 1441 iterque
1108 1352 1189 1417 ad
1248 1354 1499 1440 Regem
1561 1365 1833 1439 pararet.
1923 1353 2095 1419 Miffi
2145 1353 2313 1419 clam

621 1455 964 1535 vicinitati,
989 1457 1056 1519 in
1089 1476 1218 1541 qua
1247 1465 1389 1517 tum
1418 1454 1787 1519 Alcibiades
1814 1468 1973 1535 erat,
2006 1455 2164 1521 dant
2194 1480 2313 1521 ne·
2356 1480 2422 1515 ιο

619 1558 906 1645 gotium,
948 1568 1025 1621 ut
1073 1578 1226 1621 eum
1279 1555 1687 1621 interficiant.
1780 1557 1913 1637 Illi,
1961 1579 2112 1621 cum
2158 1580 2315 1623 eum

618 1658 784 1723 ferro
815 1657 1083 1746 aggredi
1114 1679 1242 1722 non
1273 1656 1606 1737 auderent,
1636 1658 1838 1723 noctu
1868 1658 2049 1746 ligna
2076 1674 2311 1725 contu-

617 1761 833 1827 lerunt
889 1762 1061 1827 circa
1115 1761 1319 1825 casam
1380 1783 1547 1839 eam,
1608 1761 1675 1824 in
1736 1784 1867 1846 qua
1922 1763 2309 1849 quiescebat,

617 1886 892 1951 eamque
921 1862 1384 1927 succenderunt
1406 1886 1427 1941 3
1461 1874 1539 1926 ut
1570 1862 1871 1926 incendio
1900 1863 2307 1945 conficerent,

617 1989 814 2053 quem
846 1988 1044 2041 manu
1067 1963 1341 2051 superari
1369 1963 1538 2049 poffe
1567 1962 1961 2029 diffidebant.
2042 1966 2160 2031 Ille
2190 1990 2306 2031 au·
2352 1994 2411 2045 ις

617 2067 1003 2139 temxsonitu
1040 2068 1317 2129 flammae
1362 2063 1699 2143 excitatae,
1737 2065 1913 2152 quod
1944 2066 2202 2153 gladius
2246 2069 2308 2133 ei

615 2180 751 2234 erat
803 2168 1182 2248 subduEmS,
1238 2164 1565 2230 familiaris
1615 2164 1708 2230 sui
1766 2166 2050 2232 subalare
2102 2169 2311 2235 telum

613 2273 871 2360 eripuit.
963 2275 1269 2358 Namque
1311 2282 1445 2334 erat
1480 2291 1632 2333 cum
1662 2292 1741 2334 eo
1770 2271 2035 2357 quidam
2066 2293 2145 2337 ex
2174 2275 2306 2338 Ar-

613 2377 798 2440 cadia
826 2377 1079 2464 hospeS,
1112 2375 1226 2462 qui
1270 2396 1603 2461 nunquam
1644 2373 1964 2440 discedere
1993 2375 2303 2444 voluerat.

613 2481 813 2544 Hunc
843 2479 1018 2567 sequi
1065 2478 1128 2543 se
1158 2478 1375 2566 jubet,
1407 2489 1476 2540 et
1516 2476 1607 2555 id,
1638 2476 1816 2562 quod
1863 2478 1947 2541 in'
1973 2480 2307 2564 praesentia
2342 2517 2406 2552 20

487 2659 500 2670 ·
610 2581 1130 2646 vestimentorum
1156 2578 1305 2658 fuit,
1330 2577 1635 2664 arripuit:
1686 2577 1787 2640 his
1816 2577 2139 2666 in‚ignem
2168 2583 2302 2670 eje-

611 2682 756 2762 ἆὶίε,
791 2685 1070 2748 flammae
1114 2682 1243 2748 vim
1295 2681 1554 2748 transiit.
1647 2681 1891 2762 Quem,
1936 2696 2012 2748 ut
2054 2686 2306 2752 barbari

609 2784 982 2856 incendium
1011 2783 1299 2870 effugisse
1323 2783 1641 2861 viderunt,
1662 2782 1807 2846 telis
1834 2785 2089 2852 eminus
2112 2789 2305 2852 miffis

607 2886 1096 2974 interfecerunt,
1139 2896 1460 2970 caputque
1504 2884 1641 2972 ejus
1685 2884 1767 2948 ad
1813 2886 2299 2954 Pharnabazum

607 2988 989 3054 retulerunt.
1073 2987 1172 3049 'At
1225 2984 1482 3064 mulier,
1538 3007 1685 3070 quae
1738 3007 1886 3050 cum
1947 3010 2025 3052 eo
2086 2989 2301 3057 vivere
2334 3031 2397 3082 25

532 3145 540 3154 .
596 3088 1042 3166 consueverat,-
1070 3085 1373 3151 muliebri
1403 3084 1512 3148 sua
1540 3087 1703 3148 veste
1734 3089 2101 3154 conteclum
2134 3093 2297 3156 aedi-

607 3189 734 3254 ficii
767 3189 1069 3253 incendio
1107 3201 1437 3252 mortuum
1484 3187 1815 3267 cremavit,
1849 3191 2027 3276 quod
2074 3192 2154 3256 ad
2197 3195 2297 3258 vi·-

607 3313 759 3354 vum
788 3287 1284 3352 interimendum
1319 3299 1452 3350 erat
1484 3301 1945 3374 comparatum..
2026 3295 2133 3358 Sic
2163 3296 2292 3360 Al-

601 3389 910 3468 cibiadeS,
929 3410 1130 3452 annos
1163 3388 1417 3452 circiter
1436 3387 1859 3478 quadraginta
1881 3405 2092 3473 natuS,
2116 3395 2291 3462 diem

598 3492 767 3556 obiit
791 3492 1181 3577 supremum.
1992 3565 2003 3572 ⁵
2325 3539 2391 3585 30

685 3595 809 3658 XI.
849 3595 1045 3658 Hunc
1073 3591 1455 3656 infamatum
1485 3614 1523 3656 a
1551 3593 1863 3684 plerisque
1892 3608 2019 3664 tres
2046 3600 2285 3688 gravis..

2150 3703 2285 3768 fimi
