2587 4402
735 433 822 504 70
1365 434 1790 482 crunnus.

732 569 1235 640 Athenienfibus
1277 571 1591 657 Evagorae
1635 567 1887 655 adjutor
1929 563 2166 646 datus3
2217 587 2434 654 neque

734 673 911 762 prius
950 672 1101 736 inde
1142 670 1431 750 disceffit,
1463 691 1658 756 quam
1701 680 1906 732 totam
1949 665 2226 730 insulam
2257 667 2436 731 bello

732 776 1143 842 devincerett
1201 796 1332 861 qua
1389 795 1470 838 ex
1519 793 1588 836 re
1636 768 2066 836 Athenienses
2111 791 2436 857 magnam

732 876 1013 964 gloriam
1071 874 1217 940 sunt
1270 873 1511 960 adepti.
1614 870 1884 936 Interim
1943 869 2196 936 bellum
2256 871 2436 935 inter

733 977 1085 1064 AEgyptios
1122 989 1201 1040 et·
1223 974 1446 1040 ‘Persas
1472 973 1826 1038 conflatum
1855 973 1985 1050 est3
2031 983 2100 1035 et
2131 971 2433 1042 Atheni·
2493 986 2519 1039 5

733 1078 911 1142 enses
938 1099 1092 1142 cum
1125 1077 1477 1142 Artaxerxe
1503 1074 1874 1140 societatem
1909 1073 2259 1153 habebant,
2292 1077 2431 1138 La-

732 1179 1111 1246 cedaemonii
1159 1196 1314 1244 cum
1363 1177 1726 1266 Aegyptiis,
1779 1198 1818 1239 a
1861 1175 2096 1262 quibus
2148 1198 2434 1263 magnas

730 1281 976 1370 praedas
1004 1280 1339 1368 Agefilaus
1379 1301 1495 1346 rex
1540 1301 1761 1342 corum
1813 1275 2112 1342 faciebat.
2207 1276 2286 1340 Id
2317 1279 2428 1376 in-

728 1397 923 1449 tuens
952 1381 1291 1462 Chabrias,
1323 1403 1475 1448 cum
1507 1379 1575 1444 in
1619 1402 1691 1444 re
1735 1378 1916 1444 nulla
1941 1377 2264 1465 Agesilao
2313 1403 2430 1446 ce-

730 1485 939 1565 deret,
984 1484 1097 1549 sua
1140 1486 1367 1571 sponte
1419 1505 1532 1549 eos
1577 1482 1872 1570 adjutum
1919 1480 2250 1568 profectus
2293 1485 2424 1548 AE-
2467 1496 2518 1531 1·

725 1586 976 1672 gyptiae
1005 1585 1173 1650 elafii
1202 1584 1503 1672 praefuit3
1549 1583 1939 1672 pedestribus
1988 1582 2188 1670 copiis
2227 1585 2424 1674 Age..

727 1686 935 1752 filauS.

814 1790 941 1872 ΠΙ.
984 1789 1159 1852 Tum
1203 1786 1488 1874 praefecti
1519 1786 1722 1873 Regis
1753 1786 1972 1851 Perfiae
1999 1785 2258 1874 legatos
2287 1791 2428 1855 mi-

726 1889 940 1953 semnt
970 1888 1264 1953 Athenas
1290 1889 1605 1976 questum,
1635 1887 1816 1974 quod
1841 1887 2156 1952 Chabrias
2179 1889 2422 1956 adver-

724 1990 867 2052 sum
922 1989 1171 2075 Regem
1216 1989 1470 2057 bellum
1523 2000 1780 2075 gereret
1835 2010 1988 2053 cum
2046 1990 2420 2078 AEgyptiis.
2462 2009 2506 2058 ι5

722 2089 1155 2155 Athenienses
1196 2090 1372 2154 diem
1423 2102 1662 2154 certam
1713 2089 2016 2156 Chabriae
2049 2092 2422 2176 praestitue-

721 2204 898 2272 runt,
928 2214 1125 2280 quam
1154 2205 1328 2271 ante,
1351 2192 1623 2258 domum
1651 2190 1764 2261 nifi
1793 2189 2068 2272 mdiffet,
2087 2191 2326 2279 capitis
2355 2196 2423 2262 se

570 2259 577 2281 ι
718 2294 909 2359 illum
936 2294 1348 2359 damnaturos
1375 2292 1864 2359 denuntiarunt.
1909 2295 2061 2358 Hoc
2092 2294 2210 2359 ille
2237 2318 2418 2363 nun-

720 2395 816 2459 tio
842 2394 1139 2459 Athenae
1166 2392 1381 2474 rediit,
1411 2412 1626 2479 neque
1667 2394 1760 2459 ibi
1803 2393 2048 2460 diutius
2076 2397 2166 2461 est
2189 2420 2418 2464 mora-

720 2506 850 2573 tuS,
901 2515 1099 2580 quam
1152 2493 1281 2558 fuit
1331 2494 1597 2561 neceffe.
1684 2496 1842 2559 Non
1893 2496 2068 2561 enim
2124 2496 2420 2565 libenter
2451 2516 2504 2550 20

718 2606 857 2659 erat
882 2606 1033 2659 ante
1058 2595 1285 2660 oculos
1315 2593 1558 2659 civium
1585 2593 1866 2676 suorum,
1909 2595 2088 2681 quod
2121 2608 2190 2661 et
2227 2598 2415 2664 vive-

716 2698 831 2761 bat
872 2696 1074 2777 laute,
1121 2707 1192 2760 et
1236 2695 1624 2783 indulgebat
1665 2696 1778 2761 fibi
1821 2695 2176 2777 liberaliuS,
2206 2721 2414 2785 quam

630 2833 643 2837 -
715 2810 795 2865 ut
842 2788 1156 2865 inridiam
1200 2799 1386 2887 vulgi
1433 2798 1632 2884 poffet
1659 2799 2012 2886 effligere„
2081 2801 2192 2865 Est
2227 2802 2414 2867 enim

714 2900 845 2965 hoc
878 2920 1228 2964 commune
1254 2898 1484 2963 vitium
1515 2899 1584 2963 in
1627 2900 1884 2986 magnis
1913 2900 2262 2989 liberisque
2303 2906 2409 2969 ci-

713 3001 1047 3080 vitatibu3‚
1078 3012 1157 3065 ut
1182 3000 1424 3065 invidia
1447 2999 1678 3087 gloriae
1705 3022 1926 3067 comes
1954 3002 2052 3080 fit,
2083 3015 2154 3068 et
2185 3004 2408 3071 liben-
2442 3024 2496 3078 25

710 3112 812 3165 ter
838 3101 922 3165 de
949 3100 1053 3165 his
1081 3100 1444 3180 detrahant,
1473 3122 1640 3188 quos
1668 3100 1953 3167 eminere
1997 3102 2260 3172 videant
2301 3106 2406 3170 al·-

710 3200 842 3267 tius
866 3224 887 3279 3
960 3222 1171 3287 neque
1232 3202 1454 3269 animo
1509 3224 1696 3288 aequo
1756 3224 2069 3290 pauperes
2086 3238 2096 3243 -
2111 3204 2406 3275 =alienam

710 3299 1119 3387 opulentium
1148 3303 1482 3369 intuentur
1520 3302 1864 3369 fortunam.
1955 3306 2186 3391 Itaque
2215 3306 2401 3371 Cha·-

708 3399 903 3481 brias,
930 3400 1149 3487 quoad
1176 3401 1238 3465 ei
1265 3402 1530 3484 licebat,
1559 3395 1906 3489 plurimum
1935 3405 2174 3471 aberat.
2249 3407 2400 3471 Ne-

710 3524 840 3589 que
869 3522 1021 3567 vero
1050 3499 1221 3566 solus
1261 3501 1378 3567 ille
1402 3505 1620 3569 aberat
1645 3504 1926 3571 Athenis
1955 3505 2254 3586 libenter,
2287 3506 2398 3575 sed
2429 3528 2488 3577 ³⁰

709 3621 937 3669 omnes
966 3600 1099 3669 fere
1124 3600 1448 3695 principes
1476 3601 1767 3672 fecerunt
1785 3604 1998 3688 idem3
2043 3608 2220 3695 quod
2246 3618 2395 3675 tan·-

2246 3721 2393 3772 tum
