2587 4402
848 405 1277 452 munaus.
1823 385 1936 475 71'

206 543 357 598 tum
391 531 457 599 se
487 533 570 599 ab
597 531 845 600 'invidia
871 535 1186 621 putabant
1206 531 1562 616 abfutur08,
1592 547 1910 625 quantum

214 659 253 702 a
285 637 639 725 conspeetu
664 638 922 703 suorum
946 639 1342 704 reeeffifl'ent.
1418 641 1645 728 Itaque
1675 641 1910 707 Conon

212 737 580 826 plurimum
626 739 830 828 Cypri
874 740 1063 820 vixit,
1116 741 1469 828 Iphicrates
1515 742 1580 806 in
1610 743 1910 824 Thfflcia,

214 843 612 908 Timotheus
640 842 854 922 Lesbi,
885 842 1131 908 Chares
1160 843 1229 908 in
1260 844 1502 931 Sigaeo.
1575 845 1915 911 Diffimilio

156 967 182 1016 5
216 943 491 1032 quidem
527 944 773 1009 Chares
796 943 1029 1008 horum
1060 957 1129 1009 et
1154 944 1342 1011 fastis
1371 959 1442 1010 et
1465 947 1782 1027 moribus,
1805 945 1914 1012 sed

214 1057 444 1110 tamen
472 1044 756 1110 Athenis
784 1056 853 1109 et
880 1046 1232 1111 honoratus
1260 1059 1330 1110 et
1356 1059 1608 1134 potenS.

312 1149 440 1213 IV.
486 1147 805 1213 Chabrias
834 1162 1053 1214 autem
1091 1148 1284 1236 periit
1311 1149 1490 1216 bello
1529 1150 1770 1230 sociali,
1799 1143 1914 1218 tali

222 1249 450 1314 modo·
498 1250 985 1336 oppugnabant
1005 1250 1430 1316 Athenienses
1451 1251 1717 1317 Chium.
1761 1254 1918 1318 Erat

224 1353 297 1416 in
324 1351 511 1418 claffe
558 1352 872 1418 Chabrias
913 1353 1221 1440 privatus,
1250 1353 1360 1418 sed
1403 1375 1651 1435 omnes,
1683 1355 1800 1442 qui
1845 1356 1917 1423 in

138 1473 195 1506 ιο
224 1454 600 1541 magistratu
630 1467 835 1534 erant,
870 1455 1251 1523 austeritate
1286 1456 1596 1538 anteibat,
1633 1479 1916 1546 eumque

226 1557 444 1645 magis
471 1556 741 1637 militeS,
772 1579 967 1644 quam
996 1557 1109 1644 qui
1134 1571 1475 1645 praeerant,
1505 1557 1913 1646 aspiciebant.

229 1660 402 1726 Quae
456 1681 560 1722 res
609 1659 671 1723 ei
723 1658 1069 1724 maturavit
1118 1672 1424 1736 mortem.
1511 1661 1711 1740 Nam,
1755 1661 1916 1729 dum

226 1762 479 1850 primus
508 1761 717 1826 studet
742 1773 1001 1847 portum
1029 1761 1288 1840 intrare,
1319 1773 1388 1826 et
1415 1761 1916 1848 gubernatorem

220 1864 415 1950 jubet
444 1884 529 1926 eo
558 1862 835 1948 dirigere
866 1883 1119 1940 navem,
1140 1860 1275 1949 ipse
1299 1861 1410 1935 fibi
1431 1861 1738 1948 perniciei
1767 1860 1918 1928 fuit.

156 1987 201 2036 ¹5
236 1967 407 2031 Cum
438 1963 617 2031 enim
647 1985 729 2028 eo
764 1961 1165 2052 penetraffet,
1194 1975 1446 2036 caeterae
1484 1984 1616 2029 non
1643 1963 1792 2028 sunt
1817 1962 1916 2028 se·-

232 2082 428 2134 cutae.
522 2069 681 2137 Quo
728 2063 901 2130 faeto
953 2064 1374 2135 circumfusus
1426 2064 1706 2131 hostium
1759 2085 1919 2132 eon-

234 2171 447 2249 cun-su,
506 2190 675 2243 cum,
712 2166 1037 2236 fortiffime
1092 2179 1432 2255 pugnaret,
1490 2165 1670 2233 navis
1725 2167 1922 2235 rostro

234 2272 519 2360 percuss'a
572 2270 775 2358 coepit
838 2270 1059 2338 fidere.
1170 2270 1350 2335 Hine
1411 2289 1564 2335 cum
1629 2268 1924 2355 refugere

238 2375 463 2463 posset,
515 2374 557 2437 fi
612 2374 677 2437 se
722 2373 791 2435 in
840 2392 1017 2440 mare
1064 2370 1410 2459 dejeciffet,
1453 2368 1628 2455 quod
1669 2370 1926 2435 suberat

160 2506 209 2539 ιο
237 2479 440 2543 claffis
468 2474 985 2554 Athenienfium,
1020 2496 1167 2559 quae
1204 2474 1530 2559 exciperet
1567 2484 1922 2553 natantem,

240 2580 444 2665 perire
472 2577 730 2656 maluit,
756 2582 957 2663 quam
996 2574 1193 2642 armis
1233 2573 1504 2661 abJeffis
1549 2596 1774 2643 navem
1819 2596 1926 2639 re-

210 2681 561 2768 ,liuquere‚
592 2679 661 2743 in
710 2698 839 2764 qua
880 2675 1090 2743 fuerat
1132 2675 1379 2742 veetus.
1470 2673 1546 2739 Id
1576 2675 1810 2753 caeteri,
1829 2674 1928 2737 fa-

246 2806 387 2847 cere
416 2781 790 2859 noluerunt,
826 2775 943 2866 qui
982 2777 1219 2843 nando·
1242 2776 1312 2842 in
1355 2788 1572 2843 tutum
1619 2796 1925 2861 pervene-

246 2897 417 2947 runt.
483 2883 581 2947 At
609 2880 747 2961 ine,
778 2881 1065 2967 praestare
1096 2878 1426 2946 honestam
1453 2888 1728 2941 mortem
1757 2876 1930 2961 turpi

175 3008 219 3055 25
250 2984 609 3049 existimans
665 2980 840 3060 vita,
894 2979 1193 3045 eominus
1243 2999 1540 3067 pugnans
1595 2976 1742 3053 teiia⁴
1802 2977 1927 3048 ho,

254 3086 433 3151 stium
462 3082 842 3149 interfeetus
868 3081 980 3148 est.

1513 3755 1517 3759 ,
1566 3680 1761 3746 x111.
1805 3682 1935 3744 T-I-
