2587 4402
597 395 715 482 178
1069 419 1453 466 coaNELu
1493 420 1833 468 Naro-ns

598 560 709 613 aut
738 548 987 614 acutior
1014 564 1129 615 aut
1156 552 1436 617 crebrior
1459 555 1496 646 ?x
1531 553 1677 640 quis
1706 552 1914 617 verbis
1944 559 2057 616 aut
2102 569 2292 613 orna-

596 649 726 713 tior
752 661 865 714 aut
896 651 1301 738 elegantior?
1357 655 1520 720 Suet.
1547 657 1698 740 Caes.
1727 669 1835 740 55.

684 753 783 814 Ut
810 750 1065 816 Tullius
1095 752 1314 834 docet,
1348 756 1758 820 crudelitatis
1776 756 2110 841 increpans
2146 753 2296 818 Cae-

592 852 796 916 sarem
826 852 892 915 in
926 854 1205 940 quadam
1236 856 1318 920 ad
1345 859 1672 944 Nepotem
1705 856 1986 944 epistola.
2063 855 2302 940 Neque

596 955 773 1018 enim
823 954 1179 1042 quidquam
1220 957 1400 1024 aliud
1449 961 1536 1024 est
1577 959 1878 1037 felicium,
1911 957 2150 1044 inquit,
2188 953 2308 1019 nifi

595 1055 998 1120 honestarum
1059 1080 1272 1122 rerum
1328 1061 1734 1148 prosperitas.
1775 1060 1971 1140 ‚Vel‚
2035 1071 2112 1123 ut
2173 1056 2314 1122 alio

595 1158 793 1222 modo
852 1158 1179 1240 definiam,
1230 1160 1506 1226 felicitas
1567 1163 1651 1225 est
1704 1160 1962 1225 fortuna
2019 1157 2304 1246 adjutrix

597 1260 999 1325 consiliorum
1034 1263 1396 1326 bonorum:
1445 1265 1682 1350 quibus
1728 1263 1844 1349 qui
1891 1284 2020 1325 non
2062 1261 2307 1338 utitur,

597 1361 752 1426 felix
799 1363 979 1427 nullo
1010 1364 1199 1449 pacto
1228 1365 1349 1428 effe
1399 1365 1628 1452 potest.
1664 1397 1678 1400 -
1721 1365 1900 1452 Ergo
1932 1363 1996 1426 in
2031 1361 2304 1447 perditis

595 1462 935 1550 impiisque
994 1465 1291 1544 confiliiS,
1355 1466 1592 1553 quibus
1656 1466 1865 1530 Caesar
1927 1463 2079 1528 usus
2138 1477 2314 1543 erat,

596 1565 773 1630 nulla
815 1566 1032 1654 potuit
1080 1567 1200 1630 effe
1226 1567 1544 1631 felicitas:
1593 1567 1970 1652 feliciorque
2013 1588 2164 1629 meo
2181 1565 2302 1652 ju-

596 1667 769 1732 dicio
804 1668 1123 1732 Camillus
1155 1668 1474 1760 exsulans2
1505 1691 1698 1754 quam
1749 1667 2154 1754 temporibus
2189 1667 2304 1731 iis-

596 1763 748 1831 dem
802 1769 1117 1848 Manlius-,
1176 1769 1442 1851 etiamfi,
1490 1769 1558 1833 id
1613 1771 1790 1857 quod
1835 1769 2144 1856 cupierat,
2196 1791 2298 1834 re-

596 1893 796 1958 gnare
826 1871 1149 1957 potuiss'et.

683 1974 851 2036 Haec
904 1973 1168 2059 quidam
1216 1987 1511 2038 veterum
1563 1972 2006 2053 formidanteS,
2063 1972 2298 2061 cogni-

598 2073 808 2138 tiones
868 2076 1129 2139 actuum
1190 2075 1515 2140 variorum
1567 2077 1740 2162 stylis
1799 2077 2112 2140 uberibus
2179 2099 2296 2140 ex-

597 2174 865 2261 plicatas
917 2198 1046 2240 nou
1090 2176 1348 2242 edidere
1387 2176 1768 2265 superstites,
1807 2191 1879 2242 ut
1907 2177 1971 2241 in
2017 2178 2306 2265 quadam

596 2281 681 2344 ad
730 2280 1105 2345 Cornelium
1153 2282 1480 2368 Nepotem
1525 2282 1784 2369 epistola
1827 2281 2080 2347 Tullius
2127 2305 2298 2371 quo-

598 2404 727 2469 que
759 2382 929 2446 testis
959 2382 1343 2445 reverendus
1373 2382 1691 2465 adfirmat.

686 2484 1039 2547 Sententiae
1095 2482 1266 2547 illius
1314 2482 1630 2547 Tullianae
1683 2484 1950 2571 ignarus
2002 2484 2302 2550 docentis

594 2583 887 2667 infelices
920 2584 1039 2649 effe
1078 2572 1212 2663 eos',
1246 2584 1361 2671 qui
1411 2585 1630 2647 onmia
1673 2584 1787 2649 fibi
1839 2585 2036 2651 licere
2083 2586 2296 2651 existi-

596 2701 879 2753 marunt.

695 2841 860 2904 Idem
891 2841 979 2903 ad
1001 2838 1269 2903 Atticum
1301 2839 1374 2900 de
1403 2792 1648 2925 Nepote.
1675 2839 1820 2902 Lib.
1852 2842 1953 2904 16.
1987 2840 2112 2928 Ep.
2148 2855 2218 2927 5.

686 2978 965 3063 Nepotis
996 2974 1318 3061 epistolam
1345 2974 1637 3061 expecta
1671 2974 1964 3061 Cupidus
1978 2976 2089 3041 ille
2113 2974 2296 3043 meo-

600 3103 771 3157 rum,
821 3078 932 3165 qui
980 3101 1075 3155 ea,
1116 3078 1355 3162 quibus
1400 3076 1682 3139 maxime
1731 3080 1971 3159 γαυριῶ,
2021 3078 2300 3166 legenda

602 3202 731 3243 non
766 3180 985 3264 putet?
1023 3192 1089 3241 et
1110 3180 1200 3241 ais
1230 3176 1352 3259 μετ’
1385 3178 1673 3263 ἀμύμονα.
1719 3178 1828 3241 Tu
1854 3198 2002 3241 vero
2032 3178 2298 3264 ἀμύμων,

598 3280 711 3345 ille
742 3280 1009 3367 quidem
1039 3277 1354 3367 ἅμξροτῶθ.

689 3382 869 3445 Male
902 3402 1115 3443 narras
1154 3380 1235 3442 de
1266 3379 1543 3465 Nepotis
1581 3380 1739 3444 filio.
1800 3380 2008 3447 Valde
2039 3381 2295 3447 meher-

605 3484 748 3549 cule
802 3503 1084 3556 moveor,
1117 3494 1183 3544 et
1228 3482 1486 3545 moleste
1523 3481 1704 3545 fero:
1753 3483 2100 3548 nescieram
2153 3506 2293 3548 om-

604 3570 762 3649 uino
794 3584 913 3649 effe
943 3584 1123 3647 istum
1158 3604 1452 3669 puerum.
1529 3584 1655 3672 Ep.
1695 3604 1800 3666 14.

2177 3688 2299 3750 Hic
