2587 4402
760 472 1364 529 trAMm‘onnAs.
1819 470 1903 553 93

208 618 499 689 peterent
556 631 776 697 opem,
840 612 1087 675 nullam
1155 612 1456 679 adhibuit
1523 615 1905 681 memoriam

210 712 650 793 contumeliae,
682 728 749 778 et
770 716 1149 796 exercitum,
1175 717 1500 781 obfidione
1531 717 1904 798 liberatum,

207 808 474 877 domum
506 814 765 880 reduxit
795 818 1217 883 incolumem.
1308 818 1546 907 Neque
1589 842 1744 884 vero
1779 820 1908 885 hoc

206 910 401 977 semel
424 914 615 995 fecit,
644 917 753 982 sed
780 918 1006 1005 saepius
1028 944 1051 982 t
1098 920 1382 984 maxime
1411 934 1630 985 autem
1663 918 1790 985 fuit
1820 919 1906 985 il-

150 1032 179 1081 5
204 1012 417 1095 lustre,
458 1040 611 1083 cum
655 1018 724 1084 in
778 1020 1287 1107 Peloponnefum
1336 1024 1688 1088 exereitum
1739 1022 1906 1088 dux-

208 1113 340 1180 isset
370 1118 667 1184 adversus
720 1122 1273 1203 Lacedaemonios,
1325 1124 1718 1211 haberetque
1759 1126 1906 1191 col·—

208 1215 389 1305 legas
448 1221 641 1302 duos»,
694 1246 970 1310 quorum
1024 1224 1184 1288 alter
1226 1240 1366 1289 erat
1412 1225 1766 1313 Pelopidae,
1812 1230 1909 1306 vir

203 1320 395 1387 fontis
436 1348 513 1389 ac
556 1328 869 1392 strenuus.
936 1328 1119 1408 Hic,
1151 1352 1303 1393 cum
1359 1311 1742 1395 criminibus
1785 1331 1904 1395 ad·-

208 1428 627 1495 versariorum
672 1454 901 1496 omnes
950 1432 1013 1495 in
1069 1432 1380 1497 invidiam
1433 1433 1762 1513 veniffent,
1819 1436 1908 1499 ob
1992 1502 2004 1515 ,

136 1550 183 1584 ιο
206 1550 485 1617 eamque
512 1554 648 1597 rem
680 1534 1023 1621 imperium
1055 1535 1157 1599 his
1188 1534 1340 1599 effet
1367 1535 1776 1623 abrogatum,
1805 1548 1906 1601 at·-

214 1653 339 1715 que
369 1633 433 1696 in
465 1656 691 1698 eorum
724 1636 945 1699 locum
978 1635 1085 1699 alii
1128 1649 1436 1722 praetores
1466 1636 1906 1718 succeffiffent,

216 1734 691 1821 Epaminondas
720 1738 1057 1824 plebiscito
1084 1761 1214 1803 non
1242 1739 1476 1825 paruit,
1502 1739 1804 1826 idemque
1832 1752 1911 1805 ut

219 1836 495 1902 facerent
521 1840 817 1925 persuasit
848 1840 1152 1929 collegite,
1174 1854 1241 1905 et
1264 1841 1539 1920 bellum,
1571 1842 1746 1927 quod
1773 1842 1906 1921 susq

220 1954 491 2025 ceperat,
536 1942 744 2028 geffit.
834 1942 1141 2029 Namque
1182 1942 1754 2023 animadvertebat,
1791 1944 1908 2009 ubi

144 2057 188 2105 ¹5
222 2039 283 2105 id
310 2041 575 2123 fecisset,
598 2058 822 2108 totum
860 2046 1237 2125 exercitum,
1269 2057 1527 2131 propter
1557 2060 1906 2132 praetorum

222 2142 741 2232 imprudentiam,
788 2144 1233 2235 inscitiamque
1278 2148 1463 2227 belli,
1519 2148 1904 2236 periturum.

222 2247 354 2312 Lex
383 2263 520 2314 erat
550 2250 822 2328 Thebis,
854 2273 1004 2338 quae
1048 2263 1257 2318 morte
1301 2250 1647 2330 multabat,
1678 2251 1720 2314 fi
1759 2251 1910 2336 quis

222 2346 559 2438 imperium
612 2351 859 2416 diutius
908 2351 1282 2433 retinuisset,
1314 2375 1508 2438 quam
1561 2352 1710 2438 lege
1748 2375 1912 2438 prae-
2009 2355 2014 2362 '

222 2451 467 2516 finitum
500 2453 697 2517 foret:
734 2452 899 2518 hanc
931 2453 1430 2540 Epaminondae,
1455 2476 1607 2518 cum
1636 2453 1910 2540 reipubl.

146 2575 195 2610 ιο
218 2555 659 2620 conservandae
690 2555 875 2618 causa
920 2555 1114 2618 latam
1144 2554 1415 2634 videret,
1448 2553 1528 2618 ad
1557 2554 1911 2640 perniciem

226 2655 495 2720 civitatis
526 2655 819 2720 conferre
862 2655 1115 2735 noluit3
1162 2668 1231 2720 et
1272 2668 1552 2742 quatuor
1595 2656 1914 2722 mentibus

226 2755 484 2838 diutine,
506 2780 701 2844 quam
728 2755 1005 2844 populus
1023 2756 1307 2844 jufferat,
1333 2755 1518 2844 geffit
1539 2757 1910 2844 imperium.

306 2862 498 2925 VIII.
535 2861 869 2946 Postquam
898 2859 1167 2922 domum
1195 2856 1475 2922 reditum
1503 2859 1616 2937 est,
1643 2858 1914 2946 collegae

224 2962 355 3051 ejus
399 2964 531 3027 hoc
584 2962 857 3026 crimine
904 2959 1387 3025 accusabantur.
1481 2951 1744 3023 Quibus
1797 2959 1916 3025 -iIle

153 3083 197 3132 25
222 3065 523 3152 permisit,
554 3085 815 3126 omnem
846 3073 923 3126 ut
958 3062 1213 3125 causam
1254 3061 1324 3123 in
1368 3058 1430 3123 se
1476 3057 1914 3142 transferrent,

222 3170 460 3255 suaque
488 3189 683 3254 opera
704 3165 951 3230 factum
993 3163 1461 3228 contenderent
1489 3177 1563 3228 ut
1609 3163 1742 3250 legi
1783 3187 1916 3228 non

224 3273 583 3338 obedirent.
674 3271 828 3335 Qua
856 3267 1213 3332 defensione
1258 3266 1388 3330 illis
1418 3267 1718 3352 pericu-lo
1751 3267 1918 3332 libe·-

228 3374 399 3452 ratiS,
442 3393 643 3436 nemo
683 3367 1199 3456 Epaminondam
1242 3365 1682 3453 responsurum
1728 3380 1916 3452 puta,-

228 3476 361 3555 bat,
392 3475 595 3562 quod,
626 3473 783 3560 quid
828 3473 1097 3548 diceret,
1130 3492 1261 3534 non
1306 3469 1594 3534 haberet.
1685 3470 1779 3531 At
1807 3469 1920 3534 ille

162 3591 207 3637 20
232 3577 295 3640 in
315 3576 645 3664 judicium
686 3575 903 3653 venit3
953 3573 1115 3637 nihil
1157 3593 1382 3637 eorum
1435 3569 1722 3656 negavit,
1773 3594 1922 3658 quae

236 3677 564 3746 adversarii
606 3675 865 3742 crimini
905 3675 1168 3755 dabant,
1201 3672 1572 3758 omniaque,
1603 3693 1752 3758 quae
1780 3672 1924 3737 col-

1753 3772 1922 3862 legae
