2587 4402
885 464 1345 517 nunnus.
1869 467 1949 535 27

279 594 462 661 .-1v.
491 595 760 661 Interim
779 598 1070 688 Argilius
1095 600 1383 689 quidam,
1414 597 1951 683 adolescentulus,

247 718 450 783 quem
497 722 770 787 puerum
805 703 1130 769 Pausanias
1174 726 1389 771 amore
1418 705 1718 769 Venereo
1742 702 1953 769 dilex-

245 810 408 879 erat,
441 823 600 865 cum
641 802 966 889 epistolam
1001 806 1084 869 ab
1111 828 1190 871 eo
1219 806 1305 871 ad
1332 805 1733 869 Artabazum
1762 826 1951 869 acce-

127 980 132 985 ,
243 900 456 985 piffet,
477 903 670 991 eique
689 904 752 967 in
774 903 1188 991 suspicionem
1211 906 1495 986 veniffet,
1518 904 1767 993 aliquid
1786 906 1853 971 in
1876 928 1957 973 ea

185 1014 214 1065 5
245 998 328 1065 de
365 1002 434 1067 se
465 1003 592 1069 effe
621 1004 952 1093 scriptum,
981 1007 1160 1095 quod
1197 1030 1391 1071 nemo
1418 1028 1643 1073 eorum
1674 1007 1951 1087 rediffet,

243 1103 358 1187 qui
389 1104 584 1191 super
613 1104 726 1169 tali
775 1106 960 1171 causa
987 1107 1220 1173 eodem
1252 1108 1411 1172 miffi
1446 1120 1652 1187 erant,
1696 1107 1957 1175 vincula

243 1205 534 1291 epistolae
581 1206 836 1289 laxavit,
867 1209 1174 1296 lignoque
1218 1210 1507 1275 det-racto
1544 1211 1877 1297 cognovit,
1909 1210 1955 1275 fi

244 1308 631 1392 pertulisset,
661 1309 772 1374 fibi
803 1310 924 1375 effe
942 1309 1371 1397 pereundum.
1416 1312 1615 1375 Erant
1640 1310 1709 1373 in
1726 1310 1955 1377 eadem

243 1410 540 1497 epistola,
571 1434 716 1498 quae
743 1411 827 1477 ad
873 1434 948 1477 ea
973 1410 1407 1499 pertinebant,
1438 1432 1585 1497 quae
1620 1410 1791 1475 inter
1822 1414 1951 1477 Re-

161 1532 216 1566 10
245 1534 431 1598 gem,
449 1512 952 1601 Pausaniamque
969 1524 1421 1579 convenerant.
1456 1515 1595 1577 Has
1614 1512 1723 1579 ille
1738 1514 1955 1581 literas

245 1613 516 1700 ephoris
547 1614 834 1681 tradidit.
908 1617 1066 1681 Non
1093 1616 1179 1680 est
1206 1617 1648 1704 praetereunda
1676 1617 1955 1703 gravitas

247 1715 902 1783 Lacedaemoniorum
927 1717 1244 1783 hocloco.
1289 1719 1463 1783 Nam
1488 1740 1569 1781 ne
1588 1716 1783 1804 hujus
1804 1718 1951 1805 qui-

249 1818 404 1885 dem
454 1819 700 1885 >indicio
747 1820 1000 1908 impulsi
1044 1820 1213 1899 sunt,
1245 1834 1325 1885 ut
1360 1819 1727 1885 Pausaniam
1772 1841 1953 1887 com-

249 1921 771 2005 prehenderent3
839 1943 1054 2009 neque
1097 1921 1274 2007 prius
1334 1921 1465 1985 vim
1522 1919 1954 1987 adhibendam

167 2038 218 2087 ²5
249 2035 669 2109 putaverunt,
730 2044 928 2109 quam
987 2024 1048 2089 se
1105 2022 1234 2109 ipse
1285 2021 1637 2087 indicassetL
1729 2024 1959 2111 Itaque

251 2124 412 2191 huic.
467 2123 694 2205 indici,
753 2124 910 2212 quid
971 2125 1106 2189 fieri
1163 2125 1432 2206 vellent,
1491 2138 1953 2212 praeceperunt.

250 2231 506 2296 Fanum
539 2228 832 2314 Neptuni
863 2228 950 2292 est
991 2229 1270 2308 Taenari,
1300 2229 1477 2315 quod
1522 2228 1751 2292 violari
1780 2228 1959 2292 nefas

249 2343 487 2416 putant
517 2329 756 2394 Graeci.
845 2331 943 2393 Eo
989 2330 1103 2394 ille
1143 2330 1337 2395 index
1365 2329 1708 2416 confugit:
1760 2329 1823 2393 in
1854 2353 1961 2396 ara

252 2431 570 2497 consedit.
660 2432 850 2495 Hanc
869 2432 1079 2518 juxta,
1111 2429 1331 2496 locum
1363 2431 1655 2496 fecerunt
1680 2429 1795 2494 sub
1826 2443 1955 2496 ter-

163 2558 220 2593 20
250 2556 342 2614 ra,
377 2557 460 2600 ex
499 2555 632 2620 quo
657 2531 856 2618 posset
897 2531 1126 2610 audiri,
1158 2532 1198 2594 si
1229 2532 1373 2616 quis
1402 2531 1560 2619 quid
1588 2533 1959 2618 loqueretur

251 2656 408 2700 cum
449 2633 721 2722 Argilio.
811 2634 966 2696 Huc
1009 2655 1086 2696 ex
1118 2632 1375 2720 ephoris
1402 2633 1665 2718 quidam
1694 2633 1955 2698 descen-

253 2736 518 2802 derunt.
609 2733 966 2812 Pausanias,
1009 2746 1088 2796 ut
1130 2732 1379 2797 audivit
1424 2733 1753 2820 Argilium
1794 2757 1954 2798 con-
2056 2745 2061 2748 '

253 2837 490 2926 fugisse
537 2835 601 2900 in
655 2857 853 2914 aram,
901 2834 1313 2920 perturbatus
1352 2857 1430 2900 eo
1484 2834 1657 2898 venit
1676 2859 1696 2913 3
1760 2857 1960 2920 quem

254 2962 411 3006 cum
458 2937 804 3026 supplicem
856 2935 984 3000 Dei
1037 2934 1286 3000 videret
1334 2937 1401 3001 in
1446 2959 1553 3000 ara
1607 2935 1957 3015 sedentem,

167 3070 222 3122 ²5
254 3039 492 3127 quaerit
532 3038 732 3103 causae
783 3035 942 3124 quid
991 3035 1065 3100 fit
1115 3049 1249 3100 tam
1300 3037 1617 3122 repentini
1670 3036 1954 3102 confilii:

253 3141 417 3206 huic
470 3139 606 3219 ille,
654 3138 814 3225 quid
871 3159 952 3201 ex
995 3137 1197 3202 literis
1249 3137 1672 3224 comperisset,
1732 3140 1955 3224 aperit.

255 3245 474 3309 Tanto
498 3240 712 3327 magis
739 3238 1068 3303 Pausanias
1099 3239 1507 3325 perturbatus
1529 3263 1705 3306 orare
1732 3242 1959 3328 coepit,

257 3365 344 3407 ne
371 3340 756 3418 enuntiaret,
797 3360 918 3402 nec
947 3338 1032 3416 se,
1064 3339 1369 3404 meritum
1414 3339 1495 3405 de
1526 3341 1640 3405 illo
1678 3342 1956 3427 optime,

259 3441 586 3530 proderet.
679 3438 904 3517 Quod,
937 3438 976 3501 fi
1015 3461 1158 3502 eam
1204 3440 1457 3504 veniam
1501 3442 1613 3505 fibi
1662 3441 1955 3522 dedisset,
1999 3512 2005 3518 ,

175 3570 232 3616 30
258 3541 582 3628 tantisque
627 3540 1019 3626 implicitum
1061 3540 1252 3604 rebus
1273 3542 1686 3623 'sublevaffet,
1719 3565 1961 3631 magno

259 3645 328 3710 ei
355 3643 630 3731 praemio
663 3641 976 3706 futurum.

1077 3763 1120 3806 c
1145 3761 1184 3810 2
1697 3749 1786 3815 V.
1834 3748 1958 3811 1⁵⁷²:
