2587 4402
587 462 671 518 22
1209 462 1662 511 Arusrmes.

557 616 780 685 'quam
807 607 946 663 erat
971 595 1296 685 expulsae,
1324 593 1659 683 plebiscito
1685 592 1757 657 in
1794 592 2068 681 patriam
2098 594 2281 663 resti-

583 714 772 767 tutus
799 702 910 767 est.

671 804 765 869 ΙΙ.
813 802 1115 868 Interfuit
1141 813 1361 867 autem
1390 821 1631 889 pugnae
1658 798 1869 864 navali
1896 799 2069 886 apud
2100 800 2282 865 Sala-

582 908 786 989 mina,
817 929 964 995 quae
1007 906 1175 973 faeta
1199 907 1290 971 est
1317 905 1497 992 prius
1532 926 1729 991 quam
1760 925 1954 991 poena
1978 901 2284 969 liberare-

581 1022 714 1075 tur.
788 1010 972 1075 Idem
1002 1021 1236 1095 praetor
1259 1007 1389 1072 fuit
1416 1005 1907 1071 Athenienfium
1938 1006 2111 1094 apud
2138 1006 2281 1073 Pla·
2318 1020 2348 1075 5

582 1124 740 1177 taeas
771 1111 840 1175 in
885 1112 1134 1198 praelio,
1167 1132 1303 1198 quo
1331 1108 1717 1175 Mardonius
1745 1106 2283 1188 fusus‚.barbaro-

579 1235 861 1302 rumque
889 1213 1210 1279 exercitus
1239 1213 1330 1277 est
1354 1210 1753 1277 interfeSmS.
1838 1210 2077 1299 Neque
2108 1211 2284 1277 aliud

581 1316 673 1381 est
714 1315 926 1380 ullum
969 1314 1168 1403 hujus
1212 1313 1282 1377 in
1324 1335 1395 1379 re
1416 1312 1699 1380 .militari
1726 1312 1966 1377 illustre
2011 1311 2281 1395 fabium,

581 1441 779 1508 quam
824 1418 1018 1507 hujus
1069 1416 1325 1504 imperii
1371 1417 1731 1497 memoriaj,
1776 1415 2042 1509 justitiae
2102 1440 2281 1499 vere,

580 1534 649 1586 et
693 1520 1042 1609 aequitatiS,
1073 1531 1144 1585 et
1169 1520 1561 1607 innoeentiae
1601 1519 1834 1585 multa.
1925 1520 2280 1608 ImprimiS,
2323 1532 2383 1570 ¹0

557 1624 759 1712 ·quod
799 1624 942 1713 ejus
983 1624 1295 1714 aequitate
1342 1623 1588 1690 fabium
1634 1624 1745 1706 est,
1775 1643 1928 1690 oum
1972 1621 2041 1689 in
2094 1648 2279 1692 com-

579 1726 764 1794 muni
795 1727 982 1793 claffe
1021 1726 1176 1792 effet
1206 1726 1481 1793 Graeciae
1536 1727 1721 1793 fimul
1768 1748 1922 1792 cum
1954 1728 2279 1811 Pausania,

531 1864 534 1869 ·
579 1850 714 1917 quo
761 1830 932 1895 duce
973 1829 1359 1895 Mardonius
1402 1843 1538 1895 erat
1584 1830 1877 1918 fugatus,
1917 1844 1993 1894 ut
2032 1826 2283 1897 summa

575 1931 832 2020 imperii
861 1932 1176 1998 maritimi
1219 1936 1305 2001 ab
1348 1933 1861 1999 lacedaemoniis
1900 1932 2277 2000 transferre-

575 2048 686 2101 tur
725 2036 808 2103 ad
851 2036 1326 2103 Athenienses:
1372 2029 1659 2126 namque
1706 2050 1861 2103 ante
1905 2037 1975 2103 id
2022 2050 2281 2126 tempus
2320 2042 2393 2105 ιε’

573 2151 646 2206 et
701 2138 864 2206 mari
923 2150 994 2206 et
1053 2151 1222 2208 terra
1277 2138 1479 2208 duces
1536 2153 1722 2207 erant
1775 2139 2277 2209 Lacedaemonii.

571 2246 753 2330 Turn
779 2255 1002 2310 autem
1028 2259 1100 2311 et
1139 2245 1635 2333 intemperantia
1668 2241 2013 2327 Pausaniae,
2044 2257 2115 2310 et
2138 2246 2277 2335 jus-

566 2347 718 2414 titia
743 2348 991 2415 fafitum
1029 2351 1119 2414 est
1146 2339 1466 2431 Aristidis,
1496 2361 1575 2419 ut
1589 2365 1833 2416 omnes
1865 2348 2003 2415 fere
2044 2351 2275 2416 eivita-

571 2463 675 2516 tea
706 2450 983 2516 Graeoiae
1013 2449 1097 2516 ad
1124 2449 1621 2518 Atheniensium
1666 2451 2035 2516 societatem
2067 2452 2131 2518 se
2157 2474 2276 2540 ap-

570 2551 910 2640 plicarent,
955 2565 1026 2619 et
1065 2552 1361 2620 adversus
1403 2555 1709 2621 barbaros
1751 2556 1875 2620 hos
1914 2555 2117 2621 duces
2158 2555 2275 2621 de·
2312 2577 2377 2616 zo

549 2654 854 2743 ligerent
903 2655 1040 2737 fibi,
1080 2679 1213 2744 quo
1259 2655 1515 2752 facilius
1562 2656 1973 2745 repellerent,
2012 2657 2057 2721 fi
2111 2655 2277 2724 forte

495 2837 504 2846 ὁ
569 2755 818 2823 bellum
848 2779 1156 2822 renovare
1185 2770 1592 2823 conarentur.

629 2860 762 2926 III.
785 2857 900 2924 Ad
925 2859 1140 2924 claffes
1163 2859 1595 2939 aedificandae,
1618 2859 2061 2950 exercitusque
2086 2881 2273 2926 eom-

566 2961 909 3048 parandoS,
969 2972 1290 3050 quantum
1344 2963 1639 3050 pecuniae
1704 2983 1988 3052 quaeque
2050 2963 2275 3030 civitas

567 3064 775 3145 daret,
815 3061 1130 3130 Aristides
1182 3065 1476 3132 dele8ms
1509 3066 1621 3147 est,
1664 3066 1782 3154 qui
1832 3067 2269 3134 constitueret.
2309 3093 2372 3148 25

565 3166 728 3254 Ejus
767 3165 1036 3232 arbitrio
1065 3165 1541 3256 quadringenta
1578 3179 1650 3231 et
1675 3167 2007 3256 sexaginta
2032 3168 2277 3236 talenta

566 3265 918 3354 quotannis
947 3267 1194 3334 Delum
1222 3268 1371 3338 sunt
1412 3267 1670 3335 collata.
1762 3267 1842 3335 Id
1870 3269 2047 3335 enim
2084 3292 2269 3336 com-

567 3391 770 3434 mune
829 3369 1125 3436 aerarium
1181 3371 1307 3436 effe
1360 3370 1729 3436 voluerunt.
1821 3371 1994 3438 Quae
2052 3371 2270 3438 omnis

565 3470 845 3556 pecunia
870 3473 1118 3559 postero
1149 3483 1445 3560 tempore
1472 3471 1769 3537 Athenas
1816 3472 2109 3544 transsata
2152 3475 2265 3540 est.

566 3571 704 3636 Hie
746 3594 878 3660 qua
929 3572 1123 3640 fuerit
1165 3575 1567 3654 abstinentia,
1598 3573 1852 3640 nullum
1894 3576 1983 3639 est
2026 3576 2271 3642 certius
2306 3613 2400 3662 30.

565 3671 910 3758 indicium,
941 3699 1139 3766 quam
1181 3676 1388 3766 quod,
1416 3699 1569 3743 cum
1616 3676 1817 3743 tantis
1856 3678 2051 3745 rebus
2093 3701 2266 3766 prae-

2028 3779 2264 3861 fuifl‘et,
