2587 4402
972 474 1370 525 DATAMEs.
1930 453 2010 532 81

304 606 589 693 cognita
632 605 746 669 filii
792 618 1022 688 morte,
1052 608 1253 673 animi
1297 604 1790 672 debilitarentur
1832 604 2010 681 mili-,-

305 720 481 773 tum.
580 710 738 774 Quo
782 711 1203 774 contenderat
1244 709 1562 797 pervenit,
1597 708 1817 794 bisque
1848 708 2012 774 locis

304 810 515 873 castra
538 810 748 897 ponit,
772 823 847 875 ut
875 832 1090 898 neque
1115 810 1564 877 circumveniri
1587 809 2012 889 multitudine

302 910 816 975 adversariorum
842 910 1063 996 postet,
1094 932 1306 999 neque
1345 911 1667 999 impediri,
1695 933 1829 998 quo
1881 911 2012 975 mi-

216 1030 263 1086 ·„5
304 1034 432 1076 nus
464 1012 596 1099 ipse
623 1012 703 1075 ad
730 1011 1172 1078 dimicandum
1207 1037 1475 1079 manum
1507 1016 2010 1100 habel-etexpe-

300 1112 541 1179 ditam.
651 1114 807 1177 Erat
865 1134 1017 1179 cum
1074 1136 1153 1179 eo
1208 1115 1774 1182 Mithrobarzanes
1828 1114 2007 1179 socer

302 1215 449 1303 ejus
492 1216 833 1303 praefectus
878 1218 1201 1303 equitum.
1295 1220 1382 1298 Is,
1413 1217 1753 1304 desperatis
1782 1218 2010 1304 generi·

302 1313 529 1398 rebiss,
584 1320 667 1383 ad
714 1320 925 1383 hostes
952 1320 1347 1408 transfugit.
1439 1322 1516 1385 Id
1566 1323 1876 1386 Datames
1927 1333 2008 1386 ut

305 1422 587 1500 audivit,
621 1423 825 1502 sensit,
859 1424 898 1487 fi
950 1424 1013 1487 in
1046 1428 1309 1491 turbam
1350 1426 1566 1491 exiffet
1615 1428 1698 1491 ab
1743 1426 2008 1491 bomine

188 1548 271 1599 ,ιο
306 1537 447 1587 tam
479 1523 823 1589 neceffario
868 1525 927 1589 se
972 1527 1295 1607 reliCtum,
1328 1528 1638 1593 futurum·
1669 1542 1746 1593 ut
1785 1529 2006 1593 caeteri

304 1626 650 1691 confilium
678 1627 1113 1713 sequerentur.
1166 1633 1243 1694 In
1266 1631 1505 1719 vulgus
1536 1632 1670 1695 edit
1696 1631 1810 1695 suo
1827 1630 2006 1717 juffu

304 1727 919 1803 Mithrobarzanem
960 1728 1322 1815 profectum
1365 1754 1480 1817 pro
1524 1732 1820 1819 perfuga,
1867 1755 2004 1819 quo

304 1831 568 1897 facilius
606 1846 907 1919 receptus
953 1832 1343 1899 interficeret
1374 1836 1620 1899 hostes:
1668 1856 1868 1921 quare
1895 1858 2000 1901 re·-

303 1936 520 2024 linqui
554 1959 703 1999 eum
740 1959 869 2000 non
913 1959 1027 2023 par
1070 1938 1213 2018 effe,
1244 1940 1352 2005 sed
1398 1964 1624 2005 omnes
1671 1940 2006 2005 confestim·

214 2054 268 2104 ι5
306 2038 511 2125 sequi.
607 2038 811 2103 Quod
855 2040 893 2102 fi
942 2040 1161 2105 animo
1192 2042 1444 2107 strenuo
1473 2042 1778 2122 fecissent,
1812 2042 1998 2109 futu-

304 2163 452 2206 rum
487 2152 579 2210 ,ut
626 2139 958 2248 adversari}
984 2164 1112 2206 non
1143 2143 1387 2230 poffent
1417 2144 1706 2223 resistere,
1749 2168 1902 2209 cum
1933 2157 2002 2210 et

282 2243 477 2308 ,intra
506 2243 748 2308 vallum
776 2257 845 2308 et
874 2244 1027 2309 foris
1061 2237 1484 2313 caed'erentur.
1575 2249 1724 2312 Hac
1754 2271 1821 2312 re
1847 2271 1998 2335 pro-

302 2345 481 2424 bata,
512 2345 870 2410 exercitum
914 2345 1161 2428 educit,
1195 2349 1798 2414 Mithrobarzanem
1851 2372 1998 2436 per-

300 2446 635 2535 sequitur:
685 2449 989 2534 quidum
1036 2449 1118 2514 ad
1164 2451 1374 2515 hostes
1419 2469 1815 2538 pervenerat,
1856 2455 2002 2518 Da·

196 2575 270 2610 ,ιο
306 2562 515 2614 tames
577 2549 755 2637 signa
806 2549 1024 2615 inferri-
1072 2551 1287 2640 jubet.
1409 2553 1652 2632 Pifidae,
1709 2577 1878 2620 nova
1931 2579 2006 2620 re

305 2651 644 2730 commoti,
692 2654 759 2715 in
808 2653 1179 2738 opinionem
1236 2653 1652 2721 adducuntur
1695 2656 2006 2743 perfugas

303 2754 482 2817 mala
524 2752 645 2816 fide
686 2755 1168 2841 compositoque
1212 2755 1452 2837 feciffe,
1499 2770 1575 2822 ut
1616 2759 1860 2843 recepti
1902 2758 2002 2824 (εἷ-ε

300 2856 443 2923 sent
466 2854 697 2942 majori
720 2856 1102 2921 calamitati:
1148 2858 1434 2944 primum
1457 2879 1568 2922 eos
1599 2857 1996 2924 adoriuntur.

305 2957 438 3037 Illi,
474 2980 627 3022 cum
659 2957 817 3044 quid
844 2973 1169 3044 ageretur,
1204 2972 1320 3023 aut
1347 2977 1542 3046 quare
1570 2957 1768 3037 fieret,
1804 2959 2000 3045 igno-

196 3089 265 3145 ,ιβ
300 3074 543 3139 tarent,
588 3060 795 3126 coa&
838 3062 985 3125 sunt
1022 3084 1173 3126 cum
1218 3061 1298 3124 iis
1347 3081 1667 3146 pugnare,
1713 3059 1794 3124 ad
1831 3083 1998 3148 quos

302 3163 700 3243 tranfierant‚
755 3163 837 3226 ab
886 3161 1110 3248 bisque
1157 3163 1334 3240 stare,
1366 3183 1532 3248 quos
1576 3161 1992 3249 reliquerant.

305 3265 573 3330 Quibus
631 3287 785 3328 cum
832 3265 1039 3328 neutri
1100 3275 1464 3350 parcerent,
1519 3263 1807 3328 celeriter
1851 3265 1996 3330 sunt

304 3368 560 3440 concisi.
653 3366 965 3453 Reliquos
1009 3365 1239 3430 Pifidas
1292 3366 1635 3442 resistentes
1685 3367 1996 3430 Datames

302 3471 577 3549 invadit,
624 3455 833 3556 primo
877 3470 1125 3556 impetu
1169 3468 1381 3555 pellit,
1412 3467 1742 3556 fugientes
1783 3468 1992 3552 perse-

198 3598 267 3648 ..³0
304 3572 555 3661 quitur,
588 3571 830 3640 multos
875 3570 1197 3649 interficit,
1233 3571 1434 3634 castra
1474 3569 1751 3632 hostium
1793 3569 1990 3655 capit.

300 3675 453 3740 Tali
508 3673 767 3743 confilio
814 3695 945 3738 uno
999 3683 1404 3764 tempore-et
1445 3669 1800 3758 proditores
1823 3693 1996 3756 ,per-1

1077 3795 1119 3838 E
1151 3789 1191 3857 5
1805 3771 1993 3854 culit,
