2587 4402
583 437 702 516 256
976 455 1175 498 mccx
1210 454 1428 498 nnn-cu
1459 455 1548 497 nr
1569 455 1942 502 nummus.

582 617 589 624 .
648 582 853 643 exponit
878 581 1104 642 laxantia,
1127 585 1396 648 diget-entia,
1421 587 1686 651 resolvenda
1705 604 1720 645 ς
1785 603 1858 634 uae
1878 585 2070 648 pellunt
2101 584 2360 642 obstantia,

647 656 701 692 ut
711 647 871 694 Horat.
882 647 1000 712 loqu.
1018 649 1171 712 Sasyr.
1190 651 1253 697 11.
1266 653 1330 698 iv.
1349 654 1431 700 28.
1455 654 1527 700 De
1543 653 1600 700 iis
1623 651 1706 700 Cel
1723 685 1734 698 .
1755 605 1786 698 ἵ.
1805 667 1854 712 4.
1869 652 1922 697 de
1939 669 1986 698 re
2003 650 2134 696 Med.
2158 658 2263 710 cap.
2290 651 2362 698 18.

640 709 815 774 aliique
836 713 1011 759 medici.
1032 715 1249 762 celeritas
1278 716 1484 773 confilii,
1505 718 1569 763 se.
1591 731 1668 762 con
1701 715 1810 762 lium
1828 715 2045 779 corgfestim
2067 714 2220 760 animo
2242 711 2365 758 elice}

646 783 758 830 mm,
789 777 901 834 106,
927 791 973 836 9.
990 773 1249 836 celeritate,
1274 781 1339 826 sc.
1365 781 1669 842 conficimdar.
1692 797 1778 826 rer.
1801 791 1877 838 79.
1905 795 1985 839 29.
2007 779 2274 834 celeritate,
2297 779 2358 824 sc.

555 900 570 910 ι
644 839 949 900 expeditionis,
979 856 1087 900 102,
1112 857 1155 901 9.
1180 843 1440 901 celeritate,
1465 846 1527 891 sc.
1563 845 1754 900 itineris,
1784 858 1892 904 104,
1918 859 1997 902 23.
2022 842 2270 888 celeritate
2291 843 2362 886 in·

644 902 795 962 genii,
827 917 937 964 109,
963 919 1039 964 13.
1074 906 1368 954 celeritatem
1404 909 1648 964 adhibere,
1677 919 1787 965 117,
1809 909 1854 954 6.
1889 908 2186 954 celeritatem
2211 906 2363 952 alicu-

584 1001 591 1008 .
640 969 721 1024 jus
745 969 1000 1027 impedire,
1024 971 1136 1029 118,
1162 987 1208 1020 2.
1232 972 1464 1029 celeriter,
1489 973 1618 1019 brevi
1643 981 1848 1033 tempore,
1873 973 1922 1028 6,
1946 989 2024 1022 22.
2050 982 2093 1017 et
2127 969 2262 1016 alibi.
2285 983 2361 1015 ce-

644 1031 787 1078 lerius
808 1033 1011 1092 faEtum,
1038 1035 1101 1081 sc.
1124 1037 1412 1100 praesentiore
1441 1037 1630 1100 corfilio,
1666 1037 1747 1093 82,
1781 1052 1830 1097 4.
1871 1035 2072 1084 celerius
2089 1033 2365 1096 promptius,

650 1109 731 1154 99,
752 1097 799 1142 8.

582 1161 825 1217 censebat,
850 1174 933 1220 49,
960 1176 1039 1221 29.

582 1223 767 1281 censor,
796 1235 907 1285 151,
938 1240 1013 1286 14.
1036 1227 1253 1285 censura,
1276 1238 1387 1289 150.
1407 1242 1454 1289 5.

583 1287 897 1351 Centenium,
920 1289 974 1337 C.
996 1305 1107 1352 141,
1128 1293 1175 1339 6.
1204 1293 1378 1338 Praetor
1393 1293 1492 1339 erint
1511 1293 1634 1342 Rom.
1657 1293 1871 1340 aSenatu
1889 1301 2040 1338 contra
2062 1290 2372 1338 Ha'nnibalenr-

649 1348 814 1414 mg'ffics,
834 1363 878 1399 et
893 1353 949 1399 ab
974 1355 1227 1402 Hannibale
1240 1356 1418 1418 occg'fics.

586 1417 787 1472 centies,
818 1421 927 1478 156,
954 1419 1033 1466 26.
1058 1429 1102 1464 et
1118 1419 1247 1466 alibi.
1270 1430 1494 1477 centurn,
1515 1421 1564 1477 8,
1589 1436 1607 1468 1
1621 1455 1632 1468 .
1652 1431 1695 1466 et
1712 1420 1842 1467 alibi.

584 1492 831 1541 ceperant,
853 1484 961 1542 158,
978 1497 1053 1543 14.
1074 1493 1282 1544 ceperat,
1303 1494 1387 1544 25,
1411 1499 1486 1531 11.
1505 1494 1550 1530 et
1565 1484 1692 1532 alibi.
1711 1493 1920 1546 ceperat,
1945 1483 2227 1538 conciliarat,
2249 1483 2364 1542 169,

649 1558 699 1604 4.
734 1547 929 1606 ceperit,
957 1549 1039 1606 89,
1064 1549 1111 1594 8.
1136 1558 1387 1609 ceperunt,
1413 1549 1462 1606 6,
1487 1563 1566 1598 22.
1589 1559 1634 1596 et
1649 1549 1775 1596 alibi.
1801 1549 2047 1610 cepiffent,
2075 1549 2190 1604 106,
2221 1561 2300 1607 13.
2323 1557 2366 1592 et

649 1608 779 1655 alibi.
804 1611 1015 1670 cepiss'et,
1053 1621 1135 1673 25,
1162 1623 1207 1674 5.
1232 1621 1276 1657 et
1307 1612 1437 1660 alibi.
1471 1614 1619 1675 cepit,
1646 1627 1726 1672 30,
1755 1628 1830 1663 12.
1863 1623 1908 1658 et
1941 1611 2072 1658 alibi.
2108 1612 2262 1674 cepit,
2299 1611 2366 1660 sc.

649 1672 927 1730 conciliavit,
949 1689 1033 1734 45,
1059 1689 1107 1734 9.

580 1750 693 1784 cera
714 1739 1149 1798 circumfuderunt,
1171 1741 1280 1798 108,
1305 1750 1380 1798 17.
1402 1741 1578 1804 Perfir.
1599 1741 1796 1804 mosfidt
1814 1741 2038 1802 defuntus
2059 1756 2162 1785 cera
2173 1740 2367 1786 eircum-

651 1801 802 1859 lt'm're,
836 1813 889 1848 ut
922 1820 1055 1867 quam
1084 1804 1277 1850 maxime
1301 1816 1508 1852 maneant
1539 1805 1752 1854 diuturna
1773 1815 1969 1868 corpora.
2033 1805 2138 1852 Cic.
2161 1805 2370 1852 Tusculi

647 1866 785 1927 Disp.
808 1867 848 1914 Ι.
872 1867 975 1916 xlv.
999 1869 1231 1916 Herodot.
1257 1869 1298 1916 1.
1321 1869 1430 1916 cxl.

590 1931 831 1988 Cerauno,
849 1931 1100 1988 Ptolemaeo,
1119 1948 1138 1980 1
1150 1947 1173 1991 3
1182 1947 1229 1992 3,
1248 1947 1293 1992 9.
1319 1932 1526 1996 Fil.fin't
1543 1932 1794 1989 Ptolemaer‘,
1808 1933 1886 1996 qui
1899 1949 2009 1980 unm
2031 1942 2130 1979 erat
2147 1951 2204 1979 ex
2225 1931 2370 1980 Alex-

652 1995 784 2042 andri
797 1996 991 2044 ducibus.
1042 1998 1291 2045 Ceraunus
1311 1997 1418 2044 dia.
1438 1997 1546 2062 quia
1567 1997 1682 2046 belli
1703 1997 1910 2046 fulmen.

590 2061 867 2108 ceremonia
888 2061 1005 2120 coli,
1036 2065 1113 2120 18,
1134 2078 1180 2112 2.

586 2139 811 2183 cernens,
832 2137 919 2186 45,
944 2127 991 2172 6.
1013 2135 1304 2183 cerneretur,
1331 2136 1442 2184 127,
1467 2139 1547 2184 27.

587 2198 771 2237 certam
790 2190 941 2248 diem,
962 2191 1027 2239 sc.
1042 2191 1362 2253 prostitutam,
1389 2201 1470 2251 70,
1497 2191 1576 2239 16.-

587 2265 855 2313 certamen,
880 2256 943 2302 sc.
966 2254 1210 2313 «emulatio,
1240 2268 1318 2317 15,
1343 2266 1423 2317 25.

574 2328 735 2376 certe,
764 2333 873 2379 134,
898 2334 977 2379 23.
1002 2322 1253 2368 certiorem
1276 2321 1410 2378 fecit,
1441 2334 1519 2381 14,
1547 2320 1624 2368 26.
1647 2319 1842 2378 certine,
1866 2335 1949 2378 22,
1976 2332 2056 2380 30,
2081 2326 2256 2377 certos,
2280 2328 2364 2380 45,

658 2384 736 2432 26.
759 2393 804 2429 et-
819 2384 947 2432 alibi.
970 2385 1359 2447 certum,fidum,
1379 2395 1460 2446 25,
1491 2395 1568 2441 17.

590 2447 802 2506 cefferat,
825 2448 888 2495 sc.
914 2448 1104 2507 exierat,
1132 2462 1241 2511 159,
1267 2451 1348 2499 28.
1372 2449 1626 2503 cesserunt,
1647 2448 1710 2497 sc.
1733 2448 1787 2495 de
1807 2456 1968 2495 eveum
1977 2446 2188 2511 stando,
2215 2448 2298 2506 76,
2321 2448 2365 2495 6.

658 2511 870 2571 ceffiffet,
897 2528 975 2573 31.
1000 2528 1045 2571 3.
1069 2514 1223 2571 ceffit,
1244 2524 1326 2573 74,
1351 2524 1396 2574 5.
1421 2512 1616 2559 er-alibi.

590 2576 825 2637 Cethego,
850 2579 909 2624 P.
932 2577 1065 2625 Corn.
1091 2578 1186 2639 Coſs
1210 2579 1337 2624 Rom.
1362 2580 1473 2637 148,
1499 2578 1578 2626 28.
1606 2578 1659 2625 V.
1685 2574 1916 2636 Casp'odor.
1946 2576 2109 2625 Chron.

592 2640 867 2689 crunnus
894 2644 1076 2689 Athen.
1110 2640 1267 2688 clarus
1288 2642 1352 2688 ob
1371 2644 1627 2689 inventum
1651 2642 1898 2701 quoddam
1923 2640 1974 2687 in
1998 2640 2186 2703 praelio,
2209 2640 2294 2700 69,
2317 2654 2366 2701 4.

656 2705 777 2752 item
798 2706 863 2753 ob
903 2706 1030 2753 bella
1052 2706 1102 2751 in
1128 2706 1335 2767 Europa,
1371 2706 1482 2765 ibat,
1509 2719 1584 2763 19.
1609 2706 1842 2767 AEgypto,
1866 2704 1974 2751 ibid.
2000 2720 2078 2755 21-
2101 2716 2150 2752 et
2187 2704 2366 2767 Cypro,

657 2770 775 2817 ibid.
796 2784 875 2828 23.
900 2774 992 2818 &c.
1042 2771 1302 2833 AEgyptios
1333 2770 1558 2829 adjutum
1585 2770 1754 2831 sponte
1779 2770 2014 2829 profectus
2048 2771 2134 2826 est,
2180 2779 2260 2827 70,
2291 2782 2366 2816 10.

655 2843 706 2881 et
728 2836 837 2883 ideo
857 2836 1063 2882 domurn
1086 2845 1354 2892 revocatur,
1386 2836 1494 2881 ibid.
1522 2846 1596 2891 17.
1622 2836 1712 2881 &12.
1747 2834 2018 2894 plurimum
2047 2834 2212 2880 aberat
2233 2848 2264 2879 a
2285 2846 2368 2895 pa-

656 2899 767 2956 tria,
793 2899 900 2947 ibid.
920 2914 997 2959 29.
1025 2898 1131 2946 telis
1163 2900 1378 2946 hostium
1403 2898 1696 2954 interfectum
1723 2908 1801 2955 71,
1821 2912 1900 2959 25.
1938 2899 2012 2944 De
2047 2896 2260 2945 Chabriae
2301 2914 2367 2943 re-

660 2962 737 3009 bus
754 2964 902 3025 gestis,
926 2964 1025 3010 vid.
1054 2964 1189 3011 Diod.
1207 2963 1303 3011 Sic.
1329 2976 1404 3024 15.
1434 2964 1510 3010 16.
1531 2962 1728 3023 Xenoph.
1763 2960 1796 3008 l.
1829 2976 1878 3023 4.
1914 2972 1958 3007 et
1994 2962 2120 3024 5.-de
2137 2962 2248 3009 Reb.
2275 2962 2365 3009 Gr.

660 3027 895 3074 Plutarch.
920 3028 966 3073 in
990 3028 1200 3075 Phocione
1230 3038 1273 3073 et
1302 3027 1518 3075 Camillo:
1553 3028 1658 3072 item
1677 3026 2070 3089 in·Apophthegm.
2103 3026 2269 3074 Athen.
2294 3042 2366 3075 12.

661 3092 860 3139 Frontin.
880 3092 913 3138 I.
934 3098 975 3138 1'.
998 3110 1037 3139 c.
1058 3106 1104 3153 5.
1125 3102 1168 3137 et
1191 3107 1208 3138 1
1223 3107 1265 3138 1.
1285 3092 1558 3151 Demosthen.
1581 3091 1712 3139 Orat.
1733 3090 1778 3135 in
1799 3091 2044 3153 Leptinem.

593 3155 899 3213 Chalcidem,
936 3168 1015 3217 74,
1046 3170 1119 3215 19.
1160 3156 1273 3203 Urbs
1292 3157 1352 3219 ⁶st
1384 3155 1600 3214 Graeeiae,
1625 3154 1810 3202 Eubaeae
1831 3155 2077 3218 primaria,
2111 3155 2177 3201 ad
2205 3154 2370 3217 Eurip.

657 3220 771 3266 unde
796 3221 1047 3282 Virg.AEn.
1063 3222 1147 3267 V1.
1172 3232 1249 3277 17.

824 3332 847 3338 ῃ
923 3284 1269 3349 Chalcidicaque
1290 3283 1406 3331 Ievis
1429 3282 1890 3347 tandemfieperastitit
1911 3300 2028 3330 arce.

660 3365 773 3395 nunc
784 3348 922 3410 vulgo
942 3350 1093 3397 Turcis
1108 3359 1151 3393 et
1168 3348 1320 3395 incolis
1343 3350 1542 3409 Egripos
1555 3348 1664 3394 dia.
1705 3349 2044 3409 Negropontos
2057 3364 2166 3393 vero
2187 3347 2361 3393 exteris.

594 3413 922 3469 ChalcioecuS,
949 3416 1029 3469 28,
1054 3428 1099 3471 9.
1126 3413 1370 3475 Templum,
1395 3414 1457 3459 sc.
1476 3413 1726 3467 Minerva,
1751 3422 1794 3457 et
1815 3412 2054 3475 aliquando
2078 3414 2125 3457 in
2138 3428 2361 3473 cognomen

663 3479 777 3525 Deae
800 3478 971 3539 trarfit.
1009 3480 1063 3523 In
1084 3478 1195 3523 hanc
1217 3478 1374 3532 aedem,
1397 3476 1546 3523 veluti
1567 3476 1631 3521 ad
1649 3475 2108 3539 Asplum,facinorofi
2135 3472 2366 3537 corffugg'ffl

660 3542 894 3599 videntur,
934 3542 1101 3606 hucque
1116 3542 1352 3605 fugientes
1379 3541 1644 3603 impunitate
1678 3540 1850 3587 donari.
1915 3539 2228 3587 Chalcioeeus
2259 3539 2364 3584 dia.

660 3606 765 3667 isse
785 3606 928 3653 Suida
948 3624 963 3653 .·
998 3606 1021 3655 ἦ
1042 3606 1105 3653 ἔτι
1122 3610 1297 3668 χαλκέν
1318 3604 1419 3653 οἶκον
1438 3605 1572 3669 εἶχεν,
1595 3604 1699 3653 ὓδιεὶ
1723 3607 1806 3659 τὰς
1817 3605 2046 3658 Χαλκιδεῖς
2059 3606 2144 3659 τὲς
2163 3605 2201 3649 ἓν
2223 3600 2366 3663 [ieme

659 3671 877 3731 φευγὰδας
898 3670 1023 3719 αἶα-ὂν
1042 3670 1215 3717 κτίσαι.
2307 3714 2316 3721 ,

2131 3731 2368 3787 Chaonas,
